1988 3366
0 634 6 665 i

0 295 69 345 '534ng
148 326 153 330 ζ
170 319 178 324 a

0 345 35 381 νζ

0 386 42 425 ἰὲῑ,
95 408 97 411 <

0 423 5 464 ὲ

0 476 32 629 ‘¹51'

0 671 55 801 be·

0 799 33 840 ἒ

0 841 7 857 5

0 942 23 957 Ι»

0 975 22 998 ult>

819 313 896 359 1oe

135 510 255 562 ur:
297 498 370 552 qni
412 512 510 542 oum
551 497 800 552 Pompeium
840 497 1014 541 victoria
1048 497 1332 541 exsultantem
1375 496 1568 541 videret:

138 566 433 632 ,Praeclaram
470 583 567 613 vero
594 584 683 613 rem
711 569 993 619 adulescens,”
1020 569 1168 622 inquit,
1196 568 1331 622 egisti,
1361 569 1433 621 qui
1460 568 1570 611 stoli·

138 636 381 698 ,diuinum
409 640 616 695 Lepidum
643 640 795 684 Catulo
829 641 1015 683 omnium
1042 640 1200 693 optimo
1227 639 1406 693 priorem
1436 639 1569 682 fecisti

139 711 392 768 ,cumulem
450 712 508 755 At
550 718 597 754 tu
621 711 687 755 fac
715 711 875 765 vigiles,
904 725 999 755 cum
1027 710 1314 754 adversarium
1344 718 1465 753 tuum
1497 724 1568 753 va-

83 828 97 831 ,,
136 782 386 840 §bunion-em
413 782 600 826 feceris.”
645 782 686 835 1)
726 781 838 824 Illud
866 782 1049 835 profecto
1078 781 1197 833 quasi
1228 780 1478 824 vaticinatus
1504 786 1568 823 est

137 850 270 907 ffilla,
292 866 392 896 nam
420 867 517 896 cum
546 857 689 906 postea
716 851 841 895 huius
868 857 963 895 acta
988 850 1223 895 rescindere
1250 859 1474 894 conaretur
1489 850 1571 894 Le·

136 922 272 981 fidus,
300 923 456 968 bellum
484 925 592 967 inter
619 938 714 967 eum
729 928 772 966 ct
786 923 987 975 collegam
1016 922 1229 974 catulum,
1247 936 1426 975 quocum
1445 921 1571 964 Pom-

135 995 257 1051 pdns
281 1009 328 1039 aa
352 995 642 1048 coniunxerat,
669 998 863 1038 exortum
892 999 968 1048 est,
987 992 1098 1047 quod
1114 1003 1256 1036 tamen
1272 991 1421 1047 Lepidi
1438 996 1572 1036 morte

134 1065 316 1113 finitum.
342 1065 387 1121 2)

645 1248 842 1293 CAPUT
869 1247 1060 1291 XXXV.

188 1421 310 1467 Sulla
336 1420 525 1475 privatus
551 1419 757 1463 decimam
785 1418 1021 1471 patrimonii
1052 1418 1234 1461 universi
1266 1416 1448 1460 Herculi
1478 1431 1574 1460 con·

137 1494 322 1539 secrevit
359 1499 404 1537 et
441 1490 680 1546 splendidas
719 1490 861 1543 epulas
901 1489 1052 1543 populo
1094 1489 1297 1542 praebuit,
1350 1489 1392 1531 in
1419 1488 1573 1540 quibus

138 1557 262 1611 tauta
286 1564 367 1608 fuit
393 1563 623 1615 affluentia,
654 1566 700 1604 ut
714 1561 899 1613 quotidie
929 1561 1074 1612 ingens
1101 1560 1219 1612 copia
1245 1559 1497 1601 cibariorum
1526 1559 1568 1601 in

140 1649 310 1680 amnem
348 1634 606 1689 proiceretur
634 1633 861 1683 vinumque
902 1630 1180 1682 quadraginta
1214 1629 1336 1671 annis
1365 1629 1576 1671 vetustius

140 1710 418 1762 promeretur·
471 1705 522 1747 In
550 1703 689 1747 media
716 1702 956 1753 festivitate,
984 1714 1092 1752 quae
1121 1700 1347 1742 multorum
1376 1699 1454 1741 fuit
1482 1698 1569 1741 die-

141 1792 252 1833 rum,
278 1777 453 1821 Metella
478 1776 522 1818 in
550 1788 723 1828 gravem
752 1772 941 1815 morbum
968 1770 1124 1823 incidit,
1154 1785 1235 1822 quo
1263 1783 1362 1812 mox
1388 1769 1576 1812 confecta

143 1853 220 1894 est.
271 1849 309 1892 A
326 1846 610 1891 sacerdotibus
626 1845 778 1888 vetitus
791 1858 883 1886 eam
901 1841 1016 1885 adire
1032 1841 1218 1884 libellum
1234 1840 1393 1893 repudii
1409 1840 1521 1882 misit
1533 1843 1576 1882 ct

143 1933 199 1964 ne
219 1918 369 1963 domus
394 1917 541 1961 funere
567 1915 821 1970 pollueretur
847 1913 1071 1966 spirantem
1100 1910 1236 1953 adhuc
1264 1910 1346 1952 alio
1365 1908 1574 1952 transferri

143 1989 279 2035 iussit.
331 1989 427 2040 Qua
454 1988 497 2030 in
527 2001 572 2030 re
598 1986 760 2029 curiose
788 1998 843 2027 ex
878 1982 1170 2036 superstitione
1209 1981 1343 2033 legem
1385 1994 1575 2023 servasse

143 2061 306 2106 fertur!
333 2059 529 2103 Forsitan
558 2057 779 2100 honestum
804 2055 925 2098 illum
942 2053 1118 2106 arripuit
1133 2056 1473 2105 praetextum‚ut
1487 2049 1576 2093 Me-

144 2131 294 2176 tellum
337 2129 590 2184 repudiaret.
632 2127 791 2180 Legem
832 2131 973 2168 autem
1002 2123 1303 2176 sumptuariam
1332 2135 1458 2174 quam
1489 2121 1576 2174 ipse

146 2202 304 2247 tulerat
334 2201 536 2254 neglexit,
563 2212 659 2242 cum
688 2211 822 2249 neque
850 2196 892 2238 in
920 2195 1064 2237 sunere
1080 2203 1241 2235 sumtus
1256 2191 1385 2234 ullum
1407 2190 1575 2234 modum

146 2273 335 2327 haberet,
363 2284 499 2324 neque
525 2270 567 2313 in
596 2268 795 2312 conviviis
821 2272 864 2309 et
890 2265 1028 2308 coenis
1053 2278 1156 2316 quas
1173 2262 1226 2305 ad
1249 2262 1405 2310 luctum
1421 2262 1576 2304 lenien-

123 2344 251 2389 -dum
279 2342 408 2387 dedit.
470 2341 587 2394 Lege
615 2340 687 2383 illa
713 2338 970 2391 sumptuaria
998 2350 1079 2379 non
1118 2334 1250 2377 solum
1292 2332 1577 2375 conviviorum

147 2412 463 2470 magnificentia
498 2411 708 2466 prohibita
734 2415 796 2452 est
825 2408 1031 2461 gulaeque
1074 2404 1221 2448 modus
1249 2404 1382 2446 sactus
1408 2412 1449 2445 et
1477 2402 1578 2446 edu·

148 2486 260 2531 libus
283 2485 447 2529 minora
475 2483 609 2537 pretia
636 2481 840 2534 imposita,
870 2478 941 2548 sed
968 2478 1107 2520 etiam.
1135 2476 1178 2528 13)
1207 2480 1252 2517 ut
1282 2488 1335 2517 ex
1353 2472 1577 2517 Plutarcho

148 2561 324 2611 constat,
351 2555 488 2599 iuneti
516 2554 705 2607 impensa
733 2557 830 2594 sunt
858 2548 1114 2593 circumcisa.

200 2752 237 2799 1)
260 2750 369 2789 Plut.
395 2749 532 2798 Pomp.
557 2761 589 2785 c,
618 2750 674 2785 15.

199 2818 239 2863 2)
262 2817 363 2865 App.
401 2815 446 2852 Β.
471 2814 512 2851 C.
537 2814 570 2851 Ι.
598 2813 675 2850 107.
705 2811 783 2848 Liv.
813 2810 880 2857 Ep.
906 2809 964 2845 90.
991 2807 1092 2844 Flor.
1125 2805 1200 2842 111.
1226 2805 1283 2841 23.
1309 2805 1419 2841 Oros.
1448 2802 1494 2840 V.
1519 2804 1576 2839 23.

202 2882 240 2930 3)
265 2880 369 2920 Gell.
395 2880 447 2917 11.
476 2881 535 2920 24.
562 2878 683 2916 Mser.
710 2875 792 2914 Lat.
817 2874 871 2911 11,
900 2874 954 2911 123.
