1988 3366
1080 351 1132 399 52

909 541 1106 584 CAPUT
1134 542 1308 584 XVIII.
1338 556 1341 559 ·

446 743 528 792 Qui
571 743 684 785 missi
725 747 823 785 sunt
863 747 909 785 ut
949 743 1110 785 occulto
1139 744 1245 785 calle
1273 744 1317 785 in
1345 743 1553 785 Thurium
1580 743 1826 787 invaderent

388 815 494 856 benc
524 828 613 855 rem
642 818 812 866 gerunt:
843 814 983 856 hostes
1010 815 1187 866 turpiter
1215 814 1394 867 tugiunt,
1421 827 1598 865 quorum
1614 814 1696 856 tria
1709 815 1826 856 milia

388 885 644 926 occiduntur.
700 885 927 936 Fugientes
969 885 1121 936 partim
1163 885 1340 926 Murena
1383 885 1593 939 excipiens
1633 884 1824 936 concidit,

387 956 539 1007 partim
569 955 622 996 ad
650 969 744 997 suos
784 955 926 997 reiecti
956 955 1121 996 ordines
1149 955 1384 996 turbarunt.
1412 954 1498 996 Ubi
1513 955 1692 997 Romani
1708 955 1826 1006 signa

389 1027 636 1078 intulerunt,
665 1025 910 1078 Archelaus,
939 1040 1034 1067 cum
1062 1025 1167 1067 nihil
1195 1025 1246 1067 de
1276 1039 1417 1077 pugna
1437 1026 1626 1076 cogitans
1638 1024 1825 1068 nondum

387 1097 519 1138 aciem
560 1097 838 1149 instruxisset,
881 1096 935 1138 ad
975 1110 1044 1138 eos
1087 1096 1391 1138 submovendos
1421 1100 1583 1148 partem
1615 1097 1826 1147 equitatus

387 1168 601 1219 praemisit
613 1184 622 1210 ;
653 1168 803 1218 quibus
821 1168 1050 1219 profligatis
1064 1168 1282 1219 sexaginta
1296 1182 1441 1209 currus
1454 1167 1627 1209 falcatos
1640 1167 1824 1219 immisit,

388 1239 421 1279 si
461 1239 567 1280 forte
608 1238 790 1280 hostium
835 1239 968 1280 aciem
1011 1238 1197 1280 scindere
1237 1252 1286 1279 ac
1328 1238 1632 1290 interrumpere
1673 1241 1824 1290 posset.

387 1309 569 1350 Romani
599 1314 741 1350 autem
783 1323 853 1350 eos
895 1309 1034 1350 irritos
1074 1308 1276 1361 fecerunt,
1316 1322 1412 1350 cum
1453 1308 1674 1350 intervallo
1715 1309 1824 1350 inter

387 1383 608 1430 utramque
650 1379 783 1421 aciem
826 1380 1017 1421 celeriter
1059 1378 1230 1420 decurso
1268 1378 1491 1430 quadrigas
1532 1378 1640 1420 iusto
1677 1379 1824 1432 spatio,

344 1503 346 1505 ‚
387 1450 571 1491 maxime
599 1450 650 1491 iis
680 1464 773 1491 cum
803 1450 963 1501 impetu
991 1449 1247 1491 concitandis
1277 1449 1521 1497 necessario,
1551 1449 1824 1491 destituerent

388 1521 467 1568 vel,
511 1524 557 1561 ut
598 1520 818 1572 Appianus
858 1520 997 1569 refert,
1041 1520 1224 1562 Romani
1268 1519 1514 1562 discessione
1541 1519 1652 1562 facta
1679 1534 1825 1562 currus

388 1604 517 1642 usque
558 1590 612 1632 ad
653 1591 844 1632 ultimam
885 1591 1018 1632 aciem
1059 1589 1321 1643 praetervehi
1367 1591 1522 1642 sinunt,
1550 1590 1625 1632 ubi
1655 1591 1752 1642 equi
1782 1593 1824 1632 et

385 1663 556 1714 aurigae
586 1677 612 1703 a
641 1663 808 1714 triariis,
838 1662 930 1704 telis
946 1661 1129 1712 undique
1143 1661 1351 1711 coniectis,
1367 1661 1669 1713 opprimuntur.
1700 1660 1819 1711 Inde,

387 1738 433 1775 ut
473 1734 581 1775 ludis
624 1733 889 1776 Circensibus
928 1734 1018 1775 fieri
1059 1733 1174 1786 solet,
1216 1747 1312 1774 cum
1351 1733 1499 1785 plausu
1535 1737 1577 1775 ct
1604 1732 1692 1774 risu
1719 1732 1822 1774 alios

387 1809 571 1856 poscunt.
601 1804 789 1846 Tandem
817 1804 1050 1846 Archelaus
1079 1804 1191 1852 omni
1221 1804 1411 1855 equitatu
1437 1804 1620 1845 immisso
1640 1803 1821 1846 mediam

387 1877 674 1918 Romanorum
710 1876 843 1918 aciem
871 1876 1082 1928 perrupit:
1114 1876 1157 1917 hi
1185 1889 1283 1917 vero
1311 1875 1354 1917 in
1383 1874 1526 1917 orbem
1554 1875 1822 1918 consistentes

389 1947 554 1989 fortiter
581 1951 935 1999 repugnaverunt.

933 2130 1131 2172 CAPUT
1158 2129 1288 2172 XIX.-

445 2342 620 2385 Interim
674 2342 908 2385 Archelaus
965 2341 1161 2384 dextrum
1204 2355 1333 2384 cornu
1373 2341 1572 2394 produxit
1611 2342 1824 2384 Romanos

393 2415 693 2456 circumvenire
721 2428 886 2466 parans,
916 2417 1042 2464 atque
1070 2413 1357 2462 Hortensium,
1387 2413 1457 2464 qui
1472 2413 1514 2454 in
1529 2413 1637 2454 latus
1651 2412 1823 2454 invehe-

392 2485 527 2533 batur,
557 2500 581 2526 a
611 2485 769 2535 reliquo
798 2485 987 2526 exercitu
1015 2484 1259 2525 interclusit.
1317 2483 1434 2525 Sulla
1462 2484 1501 2525 ei
1516 2498 1611 2525 cum
1634 2483 1824 2535 equitatu

393 2556 598 2607 subvenit,
655 2569 737 2606 qua
794 2570 838 2597 re
894 2555 1138 2607 perterritus
1194 2553 1433 2596 Archelaus¹
1471 2554 1823 2596 circumventione

395 2627 545 2667 omissa
572 2626 625 2667 ad
653 2626 848 2667 dextrum
876 2639 1004 2667 cornu
1019 2625 1257 2676 properavit
1271 2639 1439 2676 sperans
1453 2638 1541 2666 sese
1558 2624 1601 2666 id
1615 2624 1704 2666 sine
1719 2623 1824 2666 duce

395 2696 676 2738 inventurum.
718 2696 851 2738 Simul
893 2696 1061 2737 Taxiles
1102 2694 1385 2746 chalcaspidas
1425 2699 1568 2736 contra
1601 2695 1823 2736 Murenam

398 2766 530 2808 duxit.
585 2767 835 2818 Priusquam
877 2780 975 2808 vero
1016 2765 1185 2807 barbari
1213 2779 1268 2807 ex
1295 2765 1395 2807 orbe
1424 2765 1581 2807 circum
1609 2765 1824 2807 Romanos

398 2836 507 2878 facto
547 2851 589 2878 se
623 2838 667 2878 in
708 2842 865 2879 rectam
907 2837 1083 2878 frontem
1126 2836 1415 2888 explicassent,
1452 2835 1570 2878 Sulla
1598 2835 1823 2878 Hortensio

399 2921 493 2949 cum
534 2913 712 2958 quatuor
753 2908 989 2949 cohortibus
1030 2908 1231 2949 Murenae
1271 2907 1429 2948 auxilio
1469 2907 1592 2948 misso
1621 2906 1674 2948 ad
1701 2921 1821 2948 suum
