1988 3366
1079 302 1130 347 66

395 489 596 543 fugarum
646 493 870 542 crescente,
921 489 1187 532 tribunorum
1232 489 1623 542 praefectorumque
1650 491 1832 534 tentoria

394 561 596 603 circumit.
651 560 863 612 Quidquid
904 564 1047 602 autem
1087 560 1271 608 molitur,
1317 560 1456 603 omnia
1485 560 1666 603 frustra:
1695 575 1830 613 neque

393 631 619 684 largiendo,
648 645 782 683 neque
811 631 1042 673 minitando
1070 632 1226 673 milites
1255 630 1306 673 ad
1337 630 1633 674 iusiurandum
1660 631 1829 685 adigere

395 706 539 754 potest.
594 701 646 744 In
687 702 815 744 tantis
855 702 1058 754 angustiis
1102 701 1156 744 ad
1183 701 1354 744 insidias
1384 701 1572 754 confugit
1599 706 1642 744 et
1669 701 1830 745 Sullam

394 773 503 815 ferro
530 773 704 825 perdere
733 773 891 815 statuit.
921 773 1072 824 Itaque
1087 787 1252 815 servum
1271 772 1453 814 nummis
1472 776 1515 815 et
1536 787 1609 825 spe
1625 772 1831 816 libertatis

395 844 607 897 subornat,
660 844 731 895 qui
773 844 910 896 specie
949 843 1150 896 perfugae
1191 843 1246 885 ad
1288 843 1450 886 Sullam
1494 842 1830 886 interficiendum

393 915 677 967 proficiscitur.
734 914 815 956 Sed
844 913 1129 956 insidiatorem
1170 914 1294 955 timor
1336 928 1436 956 suus
1466 913 1660 967 prodidit.
1720 914 1831 957 Tum

391 987 545 1029 milites
588 986 749 1029 Sullani
791 987 855 1028 ira
883 987 1052 1038 incensi,
1085 986 1242 1028 vallum
1270 986 1606 1043 circumstantes,
1630 1000 1728 1029 eum
1757 1000 1831 1039 per

391 1056 619 1099 ludibrium
647 1056 930 1099 Athenionem
958 1056 1238 1109 appellabant,
1267 1069 1349 1107 quo
1378 1057 1546 1099 nomine
1574 1069 1710 1109 nuper
1724 1055 1830 1109 fugi-

393 1127 504 1169 tivus
533 1126 704 1178 quidam
732 1127 775 1168 in
804 1126 946 1169 Sicilia
961 1141 1138 1179 regnum
1155 1140 1387 1179 paucorum
1402 1126 1565 1169 dierum
1581 1125 1830 1169 obtinuerat.

394 1198 582 1240 Fimbria
625 1213 747 1251 porro
777 1199 821 1240 in
849 1199 1008 1240 vallum
1037 1213 1281 1251 progressus
1309 1198 1561 1250 colloquium
1590 1212 1685 1241 cum
1714 1198 1832 1241 Sulla

395 1270 595 1322 exposcit,
641 1270 711 1320 qui
753 1269 840 1321 ipse
869 1283 953 1311 non
981 1269 1107 1321 venit,
1139 1269 1211 1311 sed
1239 1269 1448 1311 Rutilium
1477 1269 1663 1321 legatum
1690 1268 1831 1322 mittit,

395 1339 554 1381 malum
598 1353 733 1392 omen,
776 1353 872 1381 cum
902 1339 940 1381 ei
968 1339 1009 1381 id
1039 1343 1278 1392 negaretur,
1306 1339 1418 1391 quod
1446 1339 1635 1382 hostibus
1663 1338 1832 1382 concedi

397 1410 510 1451 solet.
568 1410 765 1452 Precanti
805 1413 853 1452 ut
893 1410 928 1452 si
984 1404 1086 1462 quid
1129 1402 1349 1463 peccasset,
1390 1409 1693 1453 adolescentiae
1732 1423 1831 1452 suae

398 1481 663 1534 condonaret,
703 1480 890 1524 Rutilius
931 1480 1168 1533 respondit:
1199 1481 1238 1523 ei
1266 1481 1392 1523 licere
1420 1494 1476 1523 ex
1503 1480 1608 1523 Asia
1634 1479 1832 1524 decedere

399 1557 440 1594 et
483 1567 599 1595 mare
641 1552 694 1594 ad
735 1552 1077 1604 proficiscendum
1119 1556 1276 1604 patere.
1332 1552 1411 1595 Ille
1451 1555 1594 1595 autem
1634 1551 1761 1595 aliam
1789 1565 1832 1594 se

399 1624 511 1665 viam
554 1637 673 1665 nosse
715 1623 823 1665 dixit
863 1626 906 1665 et
945 1622 1202 1675 Pergamum
1245 1623 1452 1676 protectus
1493 1623 1593 1676 (non
1635 1622 1764 1676 igitur
1790 1623 1834 1665 in

401 1696 546 1737 castris
583 1695 638 1737 ad
678 1694 884 1747 Thyatira
926 1694 1004 1737 sibi
1046 1699 1224 1737 mortem
1268 1694 1479 1748 conscivit,
1507 1698 1556 1737 ut
1582 1692 1835 1737 Plutarchus

402 1766 509 1818 vult)
540 1766 583 1807 in
612 1766 852 1817 Aesculapii
881 1766 1038 1818 templo
1066 1780 1110 1808 se
1141 1765 1279 1818 gladio
1308 1764 1500 1808 confodit.
1557 1764 1665 1808 Cum
1692 1768 1835 1808 autem

403 1836 555 1878 vulnus
594 1850 676 1878 non
719 1836 845 1878 letale
887 1839 1006 1889 esset,
1047 1850 1073 1877 a
1117 1849 1236 1878 servo
1279 1849 1448 1888 operam
1482 1835 1736 1889 impetravit,
1763 1835 1835 1887 qui

402 1907 536 1959 primo
565 1906 779 1948 dominum
807 1911 849 1949 et
877 1920 1001 1959 super
1027 1906 1183 1948 domini
1210 1919 1357 1958 corpus
1384 1919 1428 1947 se
1454 1905 1590 1958 ipsum
1610 1904 1835 1948 interemit.

405 1977 521 2019 Sulla
547 1977 721 2019 interitu
748 1978 837 2019 eius
866 1978 1030 2029 cognito
1059 1991 1156 2018 eum
1170 1975 1452 2028 sepeliendum
1468 1975 1642 2030 curavit,
1656 1975 1835 2019 Cinnam
1898 2029 1900 2031 q

404 2048 668 2099 Mariumque
695 2062 739 2091 se
766 2049 970 2091 aemulari
997 2048 1108 2090 nolle
1135 2047 1342 2096 dictitans,
1356 2047 1428 2098 qui
1442 2047 1660 2099 plerosque
1674 2046 1835 2090 Romae

404 2119 642 2161 interfectos
672 2120 888 2171 sepultura
914 2118 1095 2171 privavit
1126 2117 1182 2171 1).

459 2189 563 2231 Eius
614 2190 802 2232 exercitu
850 2190 895 2231 in
936 2189 1062 2231 fidem
1103 2191 1268 2240 recepto
1305 2188 1349 2230 in
1390 2187 1566 2231 hiberna
1609 2187 1833 2231 concessit:

406 2259 555 2301 deinde
596 2274 661 2302 res
704 2260 911 2302 Asiaticas
953 2260 1160 2302 ordinavit
1190 2259 1244 2301 ad
1273 2262 1548 2310 senatumque
1576 2258 1716 2301 omnia
1743 2272 1836 2312 per-

407 2330 581 2382 scripsit,
609 2330 770 2372 hostem
799 2345 842 2373 se
871 2330 1100 2373 iudicatum
1129 2344 1217 2372 esse
1245 2329 1509 2371 dissimulans
1534 2331 1590 2380 2).

459 2400 656 2443 Graviter
681 2401 849 2453 quidem
868 2403 911 2443 in
926 2402 1074 2445 Asiam
1091 2400 1403 2443 animadvertit:
1431 2399 1614 2451 quinque
1631 2413 1838 2459 annorum>

409 2471 583 2512 multam
616 2472 824 2523 publicam
853 2473 1002 2525 viginti
1028 2472 1192 2514 milium
1220 2470 1474 2513 talentorum
1488 2470 1616 2512 Asiae
1629 2470 1836 2523 imposuit,

410 2541 477 2583 cui
505 2542 764 2594 recipiendae
795 2543 996 2586 Lucullus
1023 2542 1280 2595 praepositus
1310 2544 1384 2594 est,
1412 2540 1483 2592 qui
1509 2554 1598 2584 sese
1624 2541 1836 2584 hominem

410 2695 572 2702 -...——

460 2798 496 2844 1)
522 2797 630 2833 Oros.
656 2796 728 2834 VI.
755 2798 790 2834 2.
816 2797 930 2836 Auct.
956 2797 1003 2834 de
1031 2797 1078 2834 V.
1104 2798 1137 2835 I.
1163 2799 1219 2835 70.
1245 2798 1344 2845 App.
1370 2796 1415 2834 B.
1440 2795 1497 2834 M.
1523 2799 1638 2834 59.60.
1654 2796 1756 2834 Vell.
1771 2795 1836 2833 1.1.

460 2863 495 2908 2)
520 2862 617 2908 App.
643 2861 686 2898 B.
712 2862 768 2897 M.
794 2864 850 2898 60.
875 2862 920 2898 Β.
946 2862 986 2898 C.
1011 2863 1066 2898 77.
