1988 3366
797 311 851 367 85

105 501 151 551 et
173 515 352 559 regnum
379 505 516 550 redire
558 506 746 550 viderent
786 521 928 561 regem
955 507 1088 560 illum,
1103 509 1174 561 qui
1193 522 1275 552 uno
1289 508 1539 553 diecentum

103 573 407 631 qfihqtiaginta
435 577 553 620 milia
579 577 867 621 Romanorum
896 577 1188 622 trucidaverat.
1231 579 1367 632 Magis
1392 584 1535 623 autem

50 663 55 668 ·
104 638 235 691 ἀπὶ
257 646 453 690 videntur
480 647 590 700 quod
618 662 691 701 spe
719 647 899 702 praedae
925 648 1100 692 bellicae
1127 650 1315 693 frustrati
1345 656 1478 703 erant,
1498 651 1537 704 1)

104 712 219 772 ἐμοῦ
254 716 456 761 damnum
498 723 639 762 tamen
674 719 735 762 eis
760 731 864 762 mox
890 733 946 763 ex
975 720 1188 773 provincia
1213 721 1317 764 Asia
1344 735 1539 775 compen·

103 791 243 839 naun
269 795 345 842 est,
372 794 421 832 ut
448 795 591 842 postea
620 790 866 833 videbimus.

157 854 278 904 Sulla
301 858 506 903 advocata
532 860 723 904 contione
750 861 909 905 consilii
939 862 1144 905 rationem
1172 861 1353 906 reddidit
1382 861 1538 916 allega·

103 925 249 984 ritune
273 940 320 974 se
347 930 473 974 simul
499 930 714 975 Fimbriae
742 931 1075 986 Mithridatique,
1104 933 1138 976 si
1166 933 1371 987 coiissent,
1385 933 1540 978 substi-

101 1000 205 1047 dnus
231 1012 317 1046 non
345 1002 526 1055 potuisse
554 1002 609 1056 2).

634 1220 832 1264 CAPUT
863 1220 1008 1265 XXV.

159 1434 254 1491 Q'no
279 1438 391 1483 facto
418 1438 537 1483 Sulla
564 1444 709 1483 contra
739 1439 971 1483 Fimbriam
995 1440 1141 1491 movit,
1160 1439 1232 1492 qui
1250 1438 1305 1482 ad
1321 1439 1540 1492 Thyatira,

105 1504 271 1565 Lydiae
320 1510 483 1565 urbem,
528 1510 796 1554 consederat:
844 1511 1078 1554 exercitum
1121 1511 1189 1554 cui
1237 1514 1382 1553 contra
1427 1509 1541 1563 leges

106 1585 315 1635 praeesset
340 1581 417 1625 sibi
447 1581 614 1625 tradere
639 1582 771 1625 iussit.
799 1581 882 1632 Qui
912 1582 1091 1625 vicissim
1119 1580 1299 1625 irridens
1316 1580 1541 1635 respondit,

106 1665 244 1706 neque
268 1652 406 1707 ipsum
432 1652 669 1706 legitimum
696 1653 991 1706 imperatorem
1019 1666 1122 1695 esse.
1167 1651 1277 1695 Tum
1305 1651 1425 1695 Sulla
1452 1652 1542 1695 eius

105 1727 244 1767 castr-a
281 1724 601 1767 circumvallare
628 1723 763 1777 coepit
789 1723 844 1776 3).
901 1722 1039 1776 Opere
1095 1723 1285 1766 instituto
1325 1721 1460 1766 crebri
1488 1721 1540 1765 ad

105 1807 204 1838 eum
232 1794 388 1838 milites
418 1795 705 1847 transfugere:
734 1794 807 1837 ubi
834 1793 1025 1837 Fimbria
1050 1792 1350 1836 animadvertit
1379 1792 1541 1836 animos

104 1863 288 1908 militum
313 1879 341 1909 a
366 1878 412 1909 se
438 1866 642 1909 alienatos
669 1879 772 1917 esse,
801 1864 960 1908 Sullam
992 1868 1040 1907 ut
1059 1862 1369 1917 implacabilem
1390 1863 1541 1907 timens

105 1947 151 1979 se
188 1933 277 1990 ipse
315 1935 360 1979 in
399 1936 546 1980 castris
585 1935 804 1979 interfecit.
861 1935 929 1978 Ita
970 1933 1221 1978 Plutarchus
1263 1948 1352 1977 rem
1395 1933 1539 1987 paucis

104 2003 307 2050 absolvit:
362 2006 557 2061 Appiano
603 2006 722 2060 duce,
762 2006 834 2059 qui
878 2005 1031 2059 partim
1070 2018 1236 2058 quoque
1276 2004 1331 2048 ab
1369 2008 1538 2047 auctore

105 2080 255 2120 nostro·
274 2075 495 2131 discrepat,
521 2077 725 2131 copiosius
751 2076 804 2120 de
831 2075 1108 2120 adolescentis
1135 2075 1248 2118 illius
1266 2079 1400 2118 morte
1414 2073 1537 2118 disse·

105 2161 259 2206 ramus,
285 2148 358 2201 qui
384 2148 548 2192 fortiter
574 2154 638 2191 est
664 2151 886 2191 exsecutus
913 2161 1021 2199 quae
1050 2145 1226 2200 pessime
1241 2159 1367 2189 ausus
1379 2149 1470 2188 erat
1483 2147 1536 2195 4).

157 2217 316 2274 Multos
356 2233 527 2262 suorum
570 2218 625 2262 ad
664 2219 825 2262 Sullam
867 2218 1046 2262 transire
1088 2216 1257 2270 cognito
1286 2216 1467 2268 reliquos
1494 2215 1538 2259 in

105 2290 298 2334 contione
323 2294 428 2344 orat,
468 2304 521 2334 ne
547 2291 840 2343 imperatorem
868 2302 990 2332 suum
1017 2287 1223 2331 deserant.
1280 2286 1444 2337 Quibus
1467 2299 1539 2330 ne·

105 2360 304 2414 gantibus
328 2374 374 2404 se
400 2366 546 2405 contra
561 2361 673 2404 cives
685 2374 804 2403 arma
816 2364 1053 2413 sumpturos
1072 2358 1213 2401 tunica
1230 2358 1355 2401 scissa
1367 2356 1540 2410 singulis

105 2429 162 2475 ad
188 2430 314 2485 pedes
340 2430 593 2486 advolvitur,
620 2430 772 2475 deinde
799 2445 894 2474 cum
922 2428 1027 2473 nihil
1055 2428 1228 2482 proficit,
1256 2440 1430 2471 numero
1447 2440 1539 2480 per-

156 2643 192 2690 1)
216 2642 395 2681 Momms.
419 2642 531 2680 Rom.
557 2641 696 2679 Gesch.
722 2640 775 2678 11.
801 2641 881 2677 304,

153 2708 191 2755 2)
215 2707 293 2746 Dio
317 2709 421 2746 Cass.
446 2708 598 2755 Fragm.
624 2706 713 2743 Urs.
741 2706 808 2742 175
833 2710 873 2742 ot
900 2705 967 2741 176
991 2703 1058 2741 ubi
1087 2702 1210 2740 multa
1235 2714 1281 2739 ex
1315 2701 1386 2738 hoc
1416 2701 1541 2749 capite

106 2754 243 2794 iisdem
267 2756 394 2794 verbis
419 2755 639 2793 traduntur.

155 2820 194 2867 8)
217 2820 318 2869 App.
343 2820 387 2858 B.
412 2820 469 2858 M.
495 2821 553 2857 69.

155 2887 193 2933 4)
218 2884 321 2923 Vsu.
346 2884 402 2923 11.
426 2886 485 2922 24.
