1988 3366
827 323 881 365 53

133 515 262 551 mu
288 505 505 549 contendit
532 510 660 558 atque
687 506 840 549 acriter
867 506 1188 549 hostesinvasit.
1240 506 1360 549 Tunc
1382 504 1576 548 omnibus

131 576 323 632 ustibus
361 578 565 620 acerrime
610 581 842 630 pugnatum
871 583 947 620 est.
1002 577 1246 620 Fui-tissime
1274 582 1415 619 autem
1450 576 1574 628 quin-

131 645 269 692 &eim
295 647 414 691 milia
440 661 655 691 servorum
683 649 938 701 restiterunt,
966 649 1038 701 qui
1065 653 1225 691 stantes
1253 649 1296 691 in
1324 648 1461 701 prima
1480 647 1571 690 acie

132 716 348 763 Manuos
373 724 419 761 et
445 718 541 771 pilis
567 723 610 761 et
632 718 782 770 gladiis
795 732 883 761 rem
898 724 1071 771 agentes
1084 718 1341 771 repulerunt.
1383 717 1573 760 Tandem

132 787 253 833 Sulla
279 789 471 842 princeps
499 789 542 831 in
570 788 721 832 dextro
748 803 877 831 cornu
909 789 1041 832 victor
1067 789 1244 838 exstitit3
1261 787 1413 831 deinde
1428 788 1573 831 Mure·

133 870 215 903 nae
238 859 448 902 subvenit.
505 859 598 902 Iam
626 859 766 902 hostes
799 860 1008 913 profligati
1036 864 1080 902 et
1096 859 1331 913 proturbati
1345 863 1457 912 sunt,
1470 873 1574 911 quo·

131 943 228 975 run
259 930 406 974 decem
432 930 551 973 milia
579 935 744 974 tantum
773 945 869 974 cum
898 930 1109 974 Archelao
1137 930 1381 974 Chalcidem
1409 930 1569 983 effuge·

131 1007 246 1048 runt.
274 1002 400 1046 Multi
429 1016 505 1055 per
532 1016 728 1055 campum
756 1002 879 1052 caesi,
906 1002 1077 1056 plurimi
1105 1001 1148 1045 in
1162 1002 1308 1045 castris
1320 1000 1577 1044 obtruncatii

131 1072 369 1118 Archelaus
393 1074 521 1126 enim,
540 1073 612 1126 qui
629 1087 724 1116 suos
743 1074 784 1115 in
802 1087 985 1127 pugnam
1000 1073 1137 1117 redire
1151 1077 1331 1125 cogeret,
1345 1077 1575 1116 castrorum

133 1148 276 1199 portu
314 1143 454 1187 claudi
496 1144 689 1197 iusserat,
738 1143 908 1187 tandem
937 1144 1283 1187 obtestationibus
1310 1148 1575 1196 expugnatus

132 1215 324 1269 spemin
383 1214 459 1257 sed
499 1214 682 1257 Romani
727 1215 853 1257 simul
898 1229 994 1258 cum
1038 1214 1295 1268 fugientibus
1335 1214 1577 1267 irruperunt

133 1286 438 1338 victoriamque
463 1290 874 1329 consummaverunt.

186 1356 403 1401 Adversus
440 1370 511 1399 eos
551 1357 623 1408 qui
664 1370 758 1398 cum
801 1355 1010 1399 Archelao
1052 1356 1203 1409 passim
1244 1356 1298 1399 ad
1327 1355 1570 1399 Chalcidem

133 1429 409 1482 confugerant
434 1428 553 1471 Sulla
576 1428 792 1481 paululum
824 1428 1020 1480 temporis
1048 1427 1102 1470 ad
1127 1428 1311 1479 quietem
1333 1427 1455 1470 militi
1471 1426 1570 1469 dato

135 1500 386 1553 properavit,
413 1498 485 1541 sed
512 1513 609 1541 cum
637 1498 840 1541 Romanis
869 1513 995 1540 naves
1018 1497 1220 1550 deessent,
1249 1498 1320 1540 ille
1334 1512 1479 1541 secure
1493 1511 1568 1551 per

133 1561 291 1614 insulas
318 1575 495 1622 vagatus
524 1583 623 1612 mox
652 1569 695 1611 in
724 1568 941 1611 Euboeam
971 1583 1160 1611 reversus
1187 1574 1250 1611 est
1282 1572 1334 1622 1).

187 1640 308 1684 Hoec
336 1654 476 1693 pugna
503 1640 547 1682 in
573 1653 730 1682 annum
758 1641 811 1682 86
841 1638 964 1682 cadit.
1020 1638 1147 1681 Errat
1173 1644 1314 1682 autem
1343 1639 1575 1682 Pausanias

134 1710 169 1755 I.
191 1712 258 1755 20.
285 1712 351 1764 24,
378 1711 451 1763 qui
478 1709 625 1753 eodem
654 1710 740 1752 tere
773 1709 841 1752 die
869 1724 951 1761 quo
979 1708 1173 1752 Athenae
1188 1716 1335 1763 captae
1361 1714 1458 1752 sunt
1477 1724 1571 1752 eam

131 1782 395 1826 eommissam
432 1794 522 1824 esse
563 1780 746 1824 affirmat
786 1783 842 1830 2).
898 1780 1015 1823 Sulla
1053 1779 1369 1832 quatuordecim
1406 1785 1572 1823 tantum

133 1853 240 1907 (rem
282 1852 324 1895 in
367 1851 679 1895 commentariis
721 1851 865 1904 refert)
909 1850 1173 1900 desideravit,
1215 1865 1272 1893 ex
1308 1850 1458 1902 quibus
1494 1850 1572 1893 sub

133 1936 354 1976 vesperum
393 1922 476 1965 duo
517 1921 743 1965 redierunt.
799 1921 936 1971 Quam
966 1921 1018 1963 ob
1048 1935 1136 1963 rem
1165 1921 1346 1974 tropaeis
1373 1921 1571 1974 Martem,

131 1992 365 2037 Victoriam
397 1998 441 2036 et
468 1992 679 2036 Venerem
707 1992 924 2044 inscripsit,
954 1990 1064 2043 quod
1093 2005 1173 2033 non
1203 1991 1340 2033 minus
1369 1991 1568 2033 felicitate

129 2071 258 2118 quam
286 2064 458 2108 consilio
485 2070 528 2107 et
555 2063 712 2106 virtute
739 2077 795 2106 ex
822 2062 977 2116 proelio
1008 2062 1138 2104 victor
1161 2060 1423 2104 discessisset.
1465 2061 1569 2111 Quis

130 2148 231 2178 vero
271 2134 351 2178 ista
391 2133 536 2177 credat
581 2133 826 2187 praesertim
870 2131 922 2175 de
951 2146 1091 2185 pugna
1118 2132 1203 2184 illa,
1231 2131 1301 2174 ubi
1330 2131 1568 2183 quindecim

131 2204 247 2248 milia
285 2219 516 2258 servorum,
557 2204 629 2257 qui
673 2218 746 2258 spe
786 2202 993 2247 libertatis
1035 2202 1089 2245 ad
1132 2216 1337 2245 summam
1370 2203 1567 2244 virtutem

128 2275 377 2319 inflammati
417 2275 639 2319 fortissime
677 2275 814 2317 locum
855 2287 978 2317 suum
1008 2273 1207 2316 tenebant
1237 2273 1569 2324 Moriens-iusque

129 2346 190 2390 ita
218 2346 500 2400 premebatur,
530 2350 576 2389 ut
603 2345 659 2389 nb
687 2346 777 2388 acie
806 2359 881 2387 sua
909 2343 1294 2387 intercluderetur?
1326 2342 1415 2385 lam
1444 2357 1569 2395 supra

128 2416 446 2471 declaravimus,
472 2416 527 2460 ad
554 2430 679 2469 quem
707 2416 833 2459 finem
864 2414 965 2458 haec
993 2415 1091 2457 ficta
1118 2415 1216 2456 sint.
1272 2412 1430 2456 Eodem
1460 2412 1567 2455 refe-

127 2486 261 2532 renda
304 2492 403 2531 sunt
441 2501 551 2541 quae
592 2487 768 2540 legimus
809 2501 896 2539 cap.
940 2485 1087 2528 XVII.
1143 2485 1243 2527 Post
1296 2497 1491 2537 pugnam,
1521 2488 1568 2526 ut

181 2718 217 2763 1)
242 2716 342 2764 App.
369 2715 412 2753 B.
438 2715 496 2752 M.
520 2728 552 2753 ο.
577 2718 635 2752 45.

174 2781 213 2826 2)
238 2780 453 2817 Mommsen
480 2780 589 2817 Rom.
618 2779 754 2816 (leuch.
782 2778 834 2815 11.
853 2781 923 2815 299
947 2778 1141 2814 existimat
1165 2777 1312 2814 Sullam
1340 2790 1386 2813 eo
1412 2777 1560 2825 proelio

127 2828 330 2866 commisso
355 2827 527 2865 Athenas
553 2828 750 2865 recessisse
776 2827 906 2875 ibique
934 2826 1117 2862 hiemasse
1143 2827 1323 2869 (se—85).
1349 2837 1448 2861 anno
1476 2830 1562 2874 post

129 2875 181 2916 ed
205 2875 492 2916 Orchomenum
517 2887 708 2927 pugna-se
733 2879 771 2912 et
796 2876 843 2910 8-1.
868 2874 905 2912 ἰη
932 2873 1063 2912 Asiam
1090 2872 1295 2911 traieci-ae.
