1988 3366
884 301 937 345 39

246 482 328 527 lv.
386 483 590 528 Senatum
626 485 826 528 trecentis
874 498 930 528 ex
967 485 1239 539 optimatibus
1277 486 1450 530 adlectis
1488 490 1623 532 auxit.

193 552 341 599 'l'ertia
377 559 422 598 et
458 559 611 608 quarta
649 556 864 610 rogatione
903 570 994 599 sese
1031 556 1283 600 seditionum
1322 558 1541 602 materiem
1577 564 1629 602 et

193 624 353 670 butem
386 625 652 670 sublaturum
678 626 884 681 sperabat,
913 641 1009 670 cum
1035 641 1063 670 a
1089 628 1326 671 temeritate
1351 628 1543 682 populari
1569 628 1625 672 ad

194 701 363 751 patrum
404 697 692 742 maturitatem
732 698 873 752 legum
914 698 1164 741 consultatio
1204 703 1248 742 et
1286 699 1341 743 ab
1369 700 1624 753 egentissimi

193 767 396 821 cuiusque
421 767 599 812 andacia
625 768 681 812 ad
707 768 1119 822 circumspectionem
1136 769 1405 823 locupletium
1423 770 1624 823 suffragia

193 843 503 883 revocarentur.
556 839 736 884 Tribuni
762 840 875 883 enim
901 839 981 883 sibi
1006 840 1208 893 paulatim
1235 854 1359 884 omne
1387 841 1453 884 ius
1468 841 1620 895 agendi

193 922 292 955 cum
341 910 496 964 populo
547 910 814 964 arripuerant
854 914 896 954 et
934 915 1083 954 senatu
1120 911 1312 964 neglecto
1364 912 1626 956 maiestatem

193 980 337 1035 populi
364 984 532 1034 patrum
559 982 799 1025 auctoritati
826 981 1028 1035 praeferri
1042 985 1086 1024 et
1097 982 1294 1035 anteponi
1306 982 1629 1026 contendebant.

193 1050 303 1095 Inde
328 1051 569 1105 rogationes
594 1052 684 1095 sine
710 1056 880 1096 senatus
906 1052 1156 1095 auctoritate
1181 1052 1226 1095 in
1253 1053 1430 1095 comitiis
1455 1053 1625 1096 tributis

194 1120 297 1167 ferri
337 1122 542 1166 solebant.
595 1122 714 1172 Quae
757 1122 876 1166 Sulla
900 1122 1149 1175 ‘antiquavit
1179 1122 1415 1180 effecitque,
1441 1137 1495 1165 ne
1522 1122 1627 1176 quid

193 1194 509 1249 ἀπροβούλευτα
550 1195 595 1238 in
635 1194 814 1238 comitiis
854 1195 987 1247 iisthe
1031 1194 1275 1237 centuriatis
1316 1194 1517 1237 ferretur:
1558 1194 1631 1238 hic

195 1265 323 1318 enim,
358 1268 579 1318 postquam
605 1279 660 1309 ex
688 1264 823 1308 Servii
853 1265 1044 1308 instituto
1070 1269 1168 1308 sunt
1198 1264 1403 1319 restituta,
1430 1265 1630 1319 suffragia

194 1336 240 1380 in
267 1335 543 1389 locupletium
570 1340 777 1390 potestate
804 1340 938 1379 erant.

248 1406 400 1451 Altera
426 1420 593 1460 quoque
619 1407 781 1450 ratione
810 1406 929 1450 Sulla
954 1406 1160 1450 adductus
1187 1411 1263 1460 est,
1291 1410 1341 1449 ut
1362 1406 1625 1450 comitiorum

196 1478 451 1522 tributorum
492 1478 785 1522 auctoritatem
823 1478 1106 1531 restringeret,
1134 1477 1460 1521 centuriatorum
1488 1482 1633 1520 contra

197 1553 384 1603 augeret.
450 1547 666 1601 Quidquid
721 1548 766 1591 in
818 1547 884 1590 his
930 1548 1108 1591 comitiis
1161 1548 1262 1590 olim
1302 1552 1512 1591 mutatum
1552 1552 1631 1598 est,

197 1624 360 1663 constat
385 1619 537 1663 classes
563 1619 676 1662 omni
704 1623 892 1672 tempore
919 1632 974 1661 ex
1001 1632 1128 1661 censu
1147 1619 1400 1672 conscriptas
1415 1618 1631 1671 mansisse,

198 1694 248 1735 ut
285 1690 540 1744 quicumque
578 1703 714 1743 neque
760 1704 907 1733 census
947 1703 1083 1742 neque
1136 1703 1191 1732 ex
1230 1703 1358 1732 censu
1384 1689 1428 1732 in
1455 1688 1629 1732 classem

198 1767 308 1806 emet
327 1761 497 1816 relatus,
525 1760 772 1814 suffragium
798 1761 905 1804 inire
934 1774 1018 1804 non
1045 1764 1194 1813 posset.
1248 1759 1357 1803 Cum
1371 1763 1513 1802 autem
1530 1758 1629 1802 novi

199 1834 314 1878 cives
339 1832 524 1877 nondum
553 1847 580 1876 a
606 1831 847 1876 censoribus
874 1832 918 1875 in
940 1832 1095 1875 civium
1114 1844 1335 1874 numerum
1349 1831 1468 1873 asciti
1482 1835 1632 1882 essent,

199 1906 266 1950 ius
303 1904 492 1959 suffragii
527 1909 611 1948 non
638 1904 781 1958 adepti
808 1909 946 1947 erant:
974 1904 1117 1956 itaque
1144 1902 1262 1946 Sulla
1288 1916 1359 1945 eos
1385 1903 1428 1945 in
1456 1902 1635 1946 comitiis

198 1976 445 2022 centuriatis
470 1989 498 2019 a
525 1974 736 2028 suffragiis
763 1975 941 2018 removit
966 1979 1009 2017 et
1039 1974 1165 2028 leges,
1183 1973 1335 2026 quibus
1349 1973 1468 2016 sociis
1481 1973 1631 2015 civitas

199 2046 301 2091 data
326 2058 433 2100 erat,
461 2046 581 2098 quasi
608 2045 751 2088 irritas
775 2045 887 2089 fecit.
925 2044 1097 2087 Nullam
1125 2048 1267 2087 autem
1294 2043 1436 2096 populi
1462 2048 1624 2096 partem

197 2131 288 2162 esse
311 2130 480 2161 censam
507 2116 625 2160 Julio
650 2121 695 2159 et
721 2115 870 2160 Crasso
896 2114 1134 2158 censoribus
1162 2115 1264 2169 (89),
1291 2128 1373 2157 uno
1400 2127 1510 2156 anno
1536 2116 1631 2166 post

197 2202 325 2242 quam
353 2202 410 2232 ex
436 2188 531 2242 lege
557 2186 676 2232 Julia
702 2187 850 2230 civitas
875 2186 996 2229 sociis
1022 2189 1065 2229 et
1093 2185 1256 2228 Latinis
1274 2183 1374 2227 data
1393 2196 1468 2237 est,
1482 2182 1630 2227 Cicero

199 2273 276 2303 nos
300 2258 422 2303 docet
448 2272 523 2313 pro
549 2258 711 2302 Archia
736 2272 771 2302 c.
799 2259 838 2300 5.

250 2484 285 2528 1>
311 2481 370 2518 Ex
403 2480 616 2530 frag-mento
656 2479 747 2516 illo:
789 2477 995 2521 „Unciaria
1036 2477 1096 2513 lex
1133 2476 1208 2513 dici
1246 2480 1382 2530 coepta
1418 2480 1488 2518 est,
1515 2487 1635 2529 quam

201 2530 269 2575 „L.
292 2529 403 2567 Sulla
427 2533 468 2566 et
563 2527 770 2575 Pompeius
795 2526 923 2563 Rufus
949 2524 1135 2565 tulerunt.
1161 2528 1206 2560 ut
1229 2523 1419 2560 debitores
1444 2521 1634 2559 decimam

204 2577 446 2626 „partaem'⁸...
472 2576 508 2613 n‘
530 2575 645 2631 ‘certi
671 2575 809 2630 deduci
835 2577 973 2621 potest.
998 2572 1045 2608 cf.
1074 2571 1287 2627 Mommsen
1302 2570 1411 2606 Rom.
1426 2568 1564 2606 Gesch.
1580 2569 1634 2606 11.

203 2626 337 2717 {effi
362 2623 597 2708 δι’,ῗιιῖιηῗῶ
615 2616 1636 2722 22:¹22ss‘.„“350,3r1355.2‡t5¹53·532:1¹2ss,0332ssss

205 2719 374 2764 „sach-to
399 2718 599 2756 Annabme
624 2716 744 2753 bleibt.
768 2716 859 2752 aber
882 2715 991 2751 darm
1003 2726 1087 2749 eine
1104 2712 1355 2766 Erneuerung
1370 2711 1437 2748 des
1453 2712 1634 2748 (leaetaes

205 2780 304 2812 „von
329 2766 397 2803 397
422 2779 470 2803 zu
497 2765 624 2805 seben.
650 2777 691 2800 so
715 2764 803 2800 dass
827 2763 896 2800 der
921 2761 1076 2799 biiclute
1101 2759 1273 2797 erlaubte
1297 2759 1470 2796 amaru·-
1493 2758 1634 2795 wieder

205 2816 291 2862 „¹l„
327 2814 394 2851 dea
429 2812 600 2868 Capitals
638 2812 700 2848 fur
736 2811 803 2848 das
841 2807 1167 2846 zehnmonatliche
1203 2806 1297 2844 oder
1335 2808 1380 2843 10
1402 2807 1449 2855 Ἰ,
1477 2806 1539 2843 fiir
1563 2805 1631 2843 dn

135 2898 139 2902 .
205 2860 573 2909 „zwoltmonsthche
597 2858 696 2897 Jabr
720 2858 859 2896 wax-dl·
