1988 3366
1027 336 1075 381 14

380 522 526 575 Longe
563 523 616 565 ab
665 538 713 565 eo
756 524 844 566 abit
889 524 1120 566 Sallustius.
1165 528 1206 576 1)
1247 526 1399 568 Paucis
1437 541 1524 569 rem
1553 528 1766 570 absolvam

327 593 425 643 quia
466 593 688 645 diligenter
729 599 771 636 et
813 596 975 647 copiose
1019 595 1069 637 de
1108 610 1158 638 ca
1190 597 1275 648 egit
1305 597 1357 639 V.
1391 598 1442 640 D.
1473 598 1580 640 Smit
1606 599 1648 640 in
1680 600 1766 641 vita

332 664 458 706 Marii
487 664 541 706 ad
570 679 660 717 cap.
692 667 751 707 10.

381 735 574 777 Bocchus
616 736 680 777 bis
715 737 871 788 proelio
900 738 1035 779 victus
1064 739 1222 790 legatos
1250 738 1303 780 ad
1332 739 1513 781 Marium
1542 740 1667 794 misit,
1695 741 1766 792 qui

327 809 517 858 peterent
563 806 666 849 duos
699 821 826 858 quam
855 808 1073 850 fidissimos
1102 809 1155 850 ad
1185 824 1280 850 eum
1309 810 1512 852 mitteret:
1541 825 1630 853 sese
1658 811 1767 853 velle

326 877 378 919 de
407 891 481 919 suo
509 881 552 920 et
579 878 720 929 populi
749 878 930 920 Romani
960 880 1175 921 commodo
1203 895 1297 922 cum
1326 881 1385 922 eis
1410 881 1622 928 disserere.
1652 882 1766 924 Misit

325 948 550 1000 imperator
590 948 639 989 L.
681 948 841 991 Sullam
887 954 929 991 et
966 950 1018 992 A.
1054 951 1255 992 Manlium
1285 952 1484 1003 legatum.
1539 952 1618 994 Ille
1645 953 1765 994 cuius

323 1018 555 1072 facundiae,
583 1033 666 1061 non
693 1021 822 1061 aetati
849 1035 875 1062 a
904 1021 1060 1062 Manlio
1076 1035 1326 1074 concessum,
1343 1022 1455 1074 apud
1470 1027 1613 1074 regem
1635 1023 1764 1065 verba

324 1090 433 1132 fecit.
474 1089 517 1142 2)
561 1090 750 1143 Benigne
793 1095 835 1133 et
863 1092 1023 1143 placide
1052 1092 1119 1135 hic
1148 1093 1360 1145 respondit
1388 1093 1630 1144 addiditque
1657 1108 1701 1136 se
1729 1094 1764 1135 si

324 1174 397 1211 per
434 1160 617 1202 Marium
658 1161 814 1214 liceret,
859 1163 1017 1214 legatos
1044 1163 1096 1204 ad
1125 1168 1317 1205 senatum
1346 1163 1584 1206 missurum.
1641 1163 1756 1206 Dein

322 1231 441 1283 copia
466 1231 577 1273 facta
605 1232 769 1274 animus
801 1233 968 1275 barbari
996 1233 1050 1275 ab
1080 1234 1222 1276 amicis
1251 1225 1399 1282 flexus,
1414 1248 1516 1285 quos
1544 1233 1753 1286 Iugurtha

323 1301 441 1344 donis
469 1307 724 1355 corruperat.
778 1304 930 1356 Legati
960 1305 1088 1357 igitur
1116 1320 1161 1347 re
1189 1306 1343 1347 infecta
1370 1304 1658 1348 discesserunt.

375 1372 471 1415 Non
500 1373 634 1416 multo
661 1378 753 1426 post
781 1374 917 1416 Mario
944 1375 986 1416 in
1017 1376 1107 1417 loca
1130 1376 1217 1417 sola
1232 1375 1416 1427 profecto
1435 1375 1585 1417 turrim
1600 1375 1762 1427 regiam

324 1443 549 1497 obsessum,
589 1458 667 1486 rex
707 1445 951 1487 Maurorum
996 1447 1149 1488 iterum
1176 1447 1335 1498 legatos
1362 1446 1416 1489 ad
1443 1446 1627 1488 Marium
1655 1449 1698 1488 et
1724 1446 1759 1487 si

323 1514 505 1565 placeret
533 1514 714 1557 Romam
741 1516 804 1558 ire
827 1517 962 1569 jussit,
991 1517 1173 1568 quicum
1196 1517 1469 1560 alatronibus
1484 1517 1760 1559 circumventi

323 1588 365 1626 et
405 1586 570 1637 spoliati
609 1586 663 1628 ad
691 1586 866 1639 Sullam,
895 1602 1020 1639 quem
1047 1588 1191 1630 consul
1219 1591 1484 1640 propraetore
1513 1587 1750 1639 reliquerat,

321 1656 609 1709 profugissent,
624 1662 818 1700 accurate
833 1662 876 1700 et
889 1659 1118 1701 liberaliter
1132 1659 1266 1701 habiti
1280 1663 1388 1701 sunt.
1419 1658 1506 1701 Ubi
1523 1658 1750 1711 imperator

321 1728 488 1779 negotio
531 1728 717 1770 confecto
745 1729 881 1782 rediit,
910 1730 970 1771 eis
997 1734 1245 1782 potestatem
1274 1731 1458 1772 Romam
1486 1729 1613 1772 eundi
1639 1730 1750 1772 fecit.

323 1798 500 1841 Senatus
526 1804 668 1842 autem
695 1801 908 1853 respondit
935 1801 1099 1844 Boccho
1114 1802 1257 1844 foedus
1272 1806 1314 1844 et
1326 1802 1555 1844 amicitiam
1571 1801 1754 1844 dandam

322 1882 423 1922 esse,
463 1884 558 1912 cum
596 1871 827 1913 meruisset.
884 1872 979 1921 Qua
1023 1887 1068 1915 re
1108 1874 1288 1927 cognita,
1335 1872 1526 1915 Bocchus
1555 1887 1581 1914 a
1617 1872 1751 1914 Mario

320 1940 481 1993 petivit,
511 1941 574 1983 uti
602 1941 763 1984 Sullam
790 1942 844 1984 ad
871 1957 914 1985 se
942 1943 1139 1985 mitteret.
1168 1944 1212 1986 Is
1243 1944 1392 1986 missus
1422 1958 1517 1986 cum
1545 1942 1750 1995 praesidio

322 2012 511 2062 equitum
551 2012 822 2065 peditumque
862 2014 964 2056 item
991 2014 1251 2057 funditorum
1281 2015 1536 2067 Balearium,
1565 2028 1661 2056 cum
1688 2027 1752 2056 sa-

321 2082 499 2133 gittariis
525 2086 567 2124 et
594 2083 763 2126 cohorte
791 2085 968 2137 Peligna
996 2099 1094 2127 cum
1122 2085 1367 2128 velitaribus
1383 2085 1521 2134 armis,
1540 2084 1654 2126 haud
1669 2084 1758 2126 sine

321 2154 503 2205 periculo
531 2154 584 2196 ad
612 2169 754 2207 regem
780 2156 969 2208 pervenit
998 2162 1127 2208 atque
1155 2171 1211 2199 ex
1240 2147 1438 2199 mandato
1463 2156 1587 2198 Marii
1605 2154 1750 2197 foedus

322 2223 632 2276 amicitiamque
658 2226 868 2278 pollicitus
898 2231 973 2280 est,
1001 2227 1124 2270 modo
1152 2227 1403 2280 Iugurtham
1432 2226 1628 2269 traderet.
1657 2225 1754 2268 Rex

322 2296 456 2347 primo
497 2297 737 2349 negitabat:
767 2298 895 2340 immo
924 2298 1073 2341 dubius
1100 2299 1314 2352 haerebat,
1342 2302 1486 2340 utrum
1514 2297 1674 2340 Sullam
1701 2310 1755 2339 an

322 2380 524 2417 generum
565 2367 768 2419 proderet.
834 2368 1023 2411 Tandem
1064 2370 1296 2422 complures
1337 2369 1425 2411 dies
1468 2372 1687 2411 cunctatus
1731 2381 1753 2408 e

321 2438 549 2487 quaestoris
592 2440 798 2482 sententia
838 2439 1089 2492 Iugurtham
1132 2455 1205 2492 per
1245 2440 1415 2482 insidias
1459 2438 1643 2492 tradidit,
1679 2437 1751 2490 qui

322 2507 463 2550 statim
493 2508 547 2549 ad
569 2508 864 2561 imperatorem
892 2510 1119 2563 perductus
1147 2514 1222 2553 est.

376 2577 458 2626 Qui
498 2578 627 2630 igitur
673 2580 950 2623 Plutarchum
981 2582 1165 2624 lecturus
1192 2585 1265 2631 est,
1294 2581 1372 2623 hoc
1398 2580 1577 2623 tenebit:
1633 2579 1751 2622 Sulla

322 2661 458 2698 neque
501 2663 575 2691 suo
619 2651 826 2695 arbitratu
862 2666 958 2695 cum
986 2651 1153 2694 Boccho
1181 2652 1278 2704 egit,
1308 2664 1443 2703 neque
1468 2651 1597 2693 inscio
1623 2650 1753 2702 impe-

371 2831 406 2875 1)
455 2829 498 2865 B.
524 2829 609 2876 Iug.
636 2829 706 2865 102
732 2840 836 2875 seqq.

370 2894 406 2940 2)
456 2893 675 2929 Secundum
699 2892 920 2939 Appianum
946 2892 1120 2928 Manlius
1144 2891 1261 2929 verba
1285 2891 1385 2927 fecit.
1435 2890 1552 2928 Num.
1578 2890 1612 2926 3.
