1988 3366
73 0 153 220 l}

110 253 120 286 'i
154 254 184 279 ΡΤ
278 280 322 286 ⁴.
349 274 384 282 a>

120 375 129 405 ἕ

125 409 128 410 a
144 413 184 452 ΥΤ

112 484 116 490 “
146 497 158 530 ’-
179 490 253 539 ³701
300 506 355 537 ea
399 498 464 537 est
500 493 778 547 neglegentia,
820 497 867 536 ut
907 507 1047 536 rerum
1086 492 1231 537 ordine
1277 506 1361 536 non
1403 492 1624 536 observato

120 584 128 617 ρ
178 564 369 612 ‘un-atio
396 577 533 617 neque
560 565 630 607 via
656 578 793 617 neque
819 564 983 607 ratione
1012 563 1223 617 procedat.

233 635 288 681 In
328 636 392 690 iis,
429 650 539 688 quse
577 635 655 679 hoc
696 636 806 679 bello
847 636 901 679 ad
931 636 1091 679 Sullam
1118 636 1342 689 pertinent,
1368 635 1479 679 dabo
1507 635 1619 688 quod

178 710 379 763 potuero:
409 706 574 750 disertis
602 708 715 750 enim
743 707 989 750 testimoniis
1017 706 1319 758 deficientibus,
1343 721 1483 749 rerum
1499 707 1623 766 ratio,

144 759 157 776 ,
178 778 426 835 meson-tim
470 792 574 831 quas
613 778 748 831 primo
788 793 898 821 anno
937 778 1076 831 gessit,
1117 778 1270 831 exponi
1299 792 1382 821 non
1408 782 1544 831 potest
1570 783 1614 819 et

161 849 313 895 ..atius
348 850 535 904 profecto
564 855 627 893 est
654 850 814 893 nescire
842 858 968 902 quam
996 864 1091 893 cum
1120 850 1366 902 Mommsen,
1392 848 1622 902 quijsnimis

177 920 379 966 audacter
434 934 501 964 res
540 935 616 964 suo
656 921 864 964 arbitratu
918 921 1111 974 disponit,
1165 935 1255 964 rem
1294 921 1503 964 incertam
1544 934 1620 974 pro

177 998 296 1038 certa
320 992 504 1036 tradere.

228 1064 357 1109 Anno
385 1066 439 1107 90
466 1065 585 1108 Sulla
612 1064 776 1117 legatus
802 1064 882 1107 fuit
911 1063 960 1106 L.
991 1062 1530 1118 Julii20aoearistconsulis,
1550 1064 1619 1107 cui

122 1152 130 1159 ·
177 1135 344 1180 bellum
376 1141 522 1179 eontra
541 1135 751 1178 Samnites
763 1135 1004 1184 obvenerat,
1019 1134 1171 1177 Publio
1185 1134 1359 1187 Rutilio,
1372 1134 1505 1177 altero
1524 1148 1622 1178 con·

174 1206 280 1260 sule,
310 1206 353 1249 in
384 1206 620 1249 Marsorum
648 1205 801 1249 finibus
828 1211 992 1259 agente,
1019 1205 1091 1257 qui
1119 1204 1198 1248 sibi
1226 1205 1411 1248 Marium
1432 1205 1619 1258 legatum

174 1276 363 1330 elegerat
396 1277 452 1329 1).
500 1277 629 1319 Initio
656 1276 838 1319 Romani
868 1275 980 1319 mala
1005 1275 1173 1318 fortuna
1202 1275 1266 1318 usi
1297 1280 1406 1319 sunt.
1462 1276 1620 1329 Papius

173 1346 366 1395 Mutilus,
410 1347 498 1390 dux
526 1347 791 1399 Samnitium,
819 1346 924 1389 urbe
954 1346 1061 1389 Nola
1087 1346 1321 1399 proditione
1351 1351 1488 1401 capta,
1524 1346 1619 1390 Sta·

173 1417 267 1472 biis,
310 1418 540 1461 Minturnis
580 1423 624 1461 et
665 1418 838 1461 salerno
880 1418 1134 1470 expugnatis
1177 1418 1372 1470 agrisque
1405 1418 1617 1461 Nuceriae

172 1490 349 1533 vastatis
375 1490 506 1532 ferme
533 1494 665 1532 totam
693 1488 967 1542 Campaniam
995 1490 1036 1531 in
1054 1502 1172 1531 suam
1190 1493 1437 1541 potestatem
1451 1489 1615 1542 redegit

173 1566 229 1611 et,
246 1565 467 1614 posiquam
480 1561 694 1614 copiarum
711 1575 933 1603 numerum
947 1561 1123 1614 captivis
1136 1566 1262 1612 atque
1277 1562 1407 1604 servis
1423 1561 1612 1616 adauxit,

172 1631 228 1676 ad
254 1633 435 1675 Acerras
462 1631 661 1675 consedit.
704 1631 936 1685 Campania
963 1632 1116 1675 amissa
1142 1633 1328 1676 maximo
1356 1633 1612 1686 reipublicae

171 1701 424 1746 detrimento
450 1707 554 1752 erat,
583 1708 803 1757 propterea
828 1702 939 1755 quod
966 1717 1021 1745 ex
1047 1703 1298 1746 fertilissimo
1327 1718 1428 1756 agro
1443 1703 1611 1757 publico

171 1775 361 1818 maxima
401 1774 624 1827 vectigalia
663 1775 707 1818 in
746 1775 956 1818 aerarium
998 1774 1286 1817 referebantur
1311 1781 1355 1816 et
1381 1774 1455 1817 illa
1485 1775 1616 1828 regio,

170 1845 456 1900 pulcherrima
496 1845 636 1899 populi
680 1845 862 1889 Romani
903 1846 1116 1899 possessio,
1160 1844 1391 1888 subsidium
1419 1860 1612 1890 annonae

170 1915 451 1970 hort-eumque
494 1916 594 1960 belli
634 1921 737 1960 erat.
793 1917 974 1960 Romani
1017 1930 1139 1969 porro
1181 1916 1277 1959 inde
1323 1917 1378 1959 ab
1414 1917 1534 1960 initio
1562 1916 1615 1960 de

168 1988 347 2047 pecunia
375 1987 636 2041 laborabant,
664 1987 828 2041 magnis
856 1987 1129 2039 vectigalibus
1171 1987 1353 2030 tumultu
1374 1987 1537 2030 amissis
1553 1988 1612 2039 2).

222 2059 276 2104 L.
315 2059 458 2102 Julius
502 2058 657 2101 Caesar
696 2058 815 2101 clade
855 2058 939 2101 iam
982 2058 1156 2101 affectus
1191 2057 1245 2100 ad
1272 2058 1521 2101 Aeserniam
1548 2059 1608 2112 3),

165 2145 294 2184 qnam
323 2130 462 2173 hostes
488 2129 639 2173 deinde
667 2129 880 2173 obsidione
908 2130 1165 2183 premebant,
1196 2143 1278 2172 non
1307 2129 1441 2172 multo
1472 2134 1561 2182 post
1587 2144 1614 2173 a

167 2201 305 2245 Mario
334 2201 528 2254 Egnatio,
556 2215 653 2244 cum
685 2215 759 2254 per
772 2201 913 2244 fauces
927 2200 1129 2253 quasdam
1144 2200 1376 2243 exercitum
1399 2200 1609 2243 Acerras?

166 2277 314 2316 contra
342 2272 519 2326 Papium
549 2271 785 2321 deduceret.
812 2271 866 2315 ad
894 2272 1050 2315 flumen
1078 2271 1279 2314 Saronem
1298 2271 1541 2324 profligatus
1562 2277 1607 2313 et

167 2342 337 2395 fugatus
363 2348 438 2385 est.
467 2342 643 2386 Tuncse
658 2342 848 2385 Teanum
865 2343 1021 2395 recepit
1034 2347 1077 2384 et
1092 2347 1311 2394 postquam
1332 2341 1604 2384 auxiliarium

166 2412 385 2456 Gallorum
425 2413 571 2458 decem
611 2413 781 2457 milibus
819 2419 863 2457 et
903 2412 1126 2456 Numidico
1175 2413 1365 2465 equitatu
1406 2413 1601 2456 assumtis

212 2607 247 2652 1)
272 2606 373 2654 App,
398 2605 442 2644 B.
470 2606 511 2644 C.
536 2607 569 2644 1.
597 2610 645 2644 w
669 2619 775 2656 seqq.

211 2671 248 2715 2)
273 2670 407 2707 Cicero
431 2670 479 2708 de
504 2671 575 2720 leg.
602 2684 680 2720 agr.
706 2672 759 2709 11.
786 2674 843 2710 29.
871 2674 929 2710 80.

210 2733 421 2789 3).Ι)ιι1>ἰω
445 2747 494 2772 an
521 2735 677 2792 Vettius
703 2737 799 2774 Cato
824 2737 888 2782 (cf.
915 2738 1014 2794 App.
1042 2738 1064 2775 l.
1093 2739 1131 2783 l.)
1157 2738 1326 2776 boatium
1351 2739 1470 2788 copiis
1495 2752 1605 2789 prae-

163 2780 293 2822 suerit.
330 2794 418 2819 cum
442 2782 524 2820 dux
549 2783 742 2821 Marcion·
766 2790 879 2821 essct.
931 2784 1024 2822 lunt
1051 2785 1210 2823 forsitan
1238 2786 1388 2824 Mariua
1414 2786 1602 2834 Egnatius

162 2828 231 2877 qni
245 2828 293 2866 ad
306 2828 488 2867 Sar-onem
502 2831 700 2879 pugnavit,
715 2831 815 2869 idem
825 2832 892 2884 qui
908 2837 1039 2883 postca
1051 2834 1271 2871 Aeserniam
1281 2834 1327 2883 (Ρ)
1336 2839 1376 2871 et
1388 2834 1599 2875 Venafrum

162 2877 410 2928 expugnavit.
