1988 3366
1050 334 1100 383 78

357 528 501 577 aperta
528 524 639 566 facta
667 528 741 578 est,
771 538 867 566 cum
893 525 1078 576 quinque
1106 524 1295 567 cohortes
1316 529 1359 567 et
1376 524 1483 567 duae
1499 526 1591 568 alae
1608 524 1649 578 1)
1664 524 1792 578 signis

358 596 551 648 proiectis
580 596 633 637 ad
660 595 822 638 hostem
851 595 1137 648 profugerunt.
1192 596 1300 638 Tum
1330 596 1477 648 ingens
1506 600 1665 649 strages
1679 596 1792 639 edita

357 671 439 708 est:
489 666 606 709 Sulla
647 666 736 718 ipse
778 666 907 708 refert
935 667 1083 719 viginti
1111 667 1227 708 milia
1254 666 1438 708 hostium
1466 666 1672 720 cecidisse,
1699 671 1791 710 octo

358 740 480 789 capta
522 751 621 790 esse,
662 750 831 779 suorum
878 740 962 778 tres
1004 740 1045 779 et
1073 736 1222 789 viginti
1251 736 1514 779 desideratos.
1545 737 1588 790 2)
1642 737 1792 789 Itaque

356 808 468 850 idem
498 807 566 849 hic
593 821 748 849 numen
776 807 982 849 fautorem
1012 806 1186 850 habuit!

409 878 637 930 Fugientes
664 878 892 920 Praeneste
921 878 1102 930 suscepit
1128 878 1238 920 inter
1265 891 1368 929 quos
1396 877 1568 931 Marius,
1597 877 1670 930 qui
1699 892 1792 932 por·

358 949 410 991 tis
441 949 590 991 clausis
617 963 670 991 ne
700 963 785 990 una
820 963 916 991 cum
945 948 1106 1001 ingenti
1138 948 1480 1001 perturbatorum
1508 937 1629 1001 copia
1655 948 1793 991 hostes

357 1021 650 1072 irrumperent,
677 1019 777 1061 fune
805 1019 983 1061 demisso
1014 1019 1057 1061 in
1087 1019 1234 1061 urbem
1264 1018 1494 1061 subductus
1521 1023 1608 1062 est.-

411 1090 661 1142 Fenestella,
703 1104 784 1141 quo
826 1104 870 1132 se
912 1089 979 1132 hic
1021 1104 1143 1131 usum
1187 1103 1275 1132 esse
1317 1089 1572 1132 Plutarchus
1597 1089 1793 1144 affimat,

358 1162 585 1204 memoriae
626 1161 763 1213 prodit
803 1160 987 1203 Marium
1028 1174 1082 1202 ne
1125 1159 1279 1202 vidisse
1322 1160 1490 1212 quidem
1520 1160 1724 1213 proelium
1752 1164 1794 1203 et

357 1233 474 1285 signo
515 1231 729 1284 pugnandi
771 1231 868 1273 dato
908 1231 1039 1283 quieti
1082 1245 1125 1273 se
1168 1230 1398 1284 tradidisse,
1440 1245 1495 1273 ex
1540 1245 1624 1282 qua
1667 1245 1793 1284 aegre

359 1303 567 1345 excitatus
608 1303 672 1355 sit,
715 1317 809 1344 cum
854 1302 917 1344 sui
944 1316 989 1343 se
1017 1302 1101 1343 iam
1129 1301 1254 1354 fugae
1284 1300 1546 1344 mandarent.
1575 1301 1617 1355 3)
1673 1301 1794 1351 Quod

356 1374 466 1416 inter
493 1373 639 1416 senilia
666 1372 930 1416 referendum
959 1387 1119 1426 censeo,
1138 1386 1260 1415 nemo
1275 1373 1400 1426 enim,
1417 1372 1459 1414 ni
1478 1372 1613 1422 fallor,
1626 1372 1792 1426 talibus,

357 1458 464 1496 quae
507 1444 674 1486 omnino
719 1457 802 1486 non
844 1444 887 1485 in
928 1443 1197 1485 fortissimum
1239 1447 1282 1485 et
1320 1443 1569 1485 acerrimum
1599 1442 1793 1486 iuvenem

358 1515 576 1567 quadrant,
604 1514 731 1556 fidem
758 1513 943 1556 habebit.

415 1585 533 1628 Sulla
576 1585 759 1627 Marium
793 1585 905 1627 intra
933 1584 1302 1627 Praenestinorum
1330 1585 1495 1628 moenia
1522 1585 1793 1627 interclusum

358 1671 381 1698 e
422 1657 649 1709 longinquo
681 1655 997 1698 circumvallare
1027 1655 1207 1697 instituit
1234 1655 1328 1707 plus
1355 1670 1380 1697 u
1409 1656 1519 1698 fame
1548 1670 1673 1707 quam
1695 1670 1722 1697 a
1750 1655 1792 1698 vi

359 1733 616 1779 exspectans.
658 1729 698 1776 4)
742 1726 846 1768 Mox
887 1731 1030 1768 autem
1066 1740 1162 1768 cum
1185 1726 1365 1768 Romam
1396 1727 1579 1779 recipere
1609 1738 1790 1779 cuperet,

359 1799 596 1841 Praenestis
616 1798 914 1850 oppugnationi
929 1798 1174 1839 Lucretium
1190 1797 1369 1840 Ofellam
1384 1799 1594 1851 praefecit,
1607 1799 1791 1850 quicum
1813 1831 1815 1833 -

358 1873 455 1911 ante
496 1868 782 1911 Marianarum
822 1868 967 1910 fuisset
1008 1868 1200 1920 partium,
1242 1867 1426 1920 proditor
1452 1868 1505 1911 ad
1535 1883 1631 1911 eum
1659 1873 1792 1911 trans-

357 1939 533 1992 fugerat.
589 1939 764 1981 Interim
794 1939 955 1981 Marius
982 1938 1209 1991 desperatis
1248 1939 1371 1981 rebus
1398 1939 1447 1980 L.
1476 1939 1608 1981 Bruto
1640 1938 1792 1981 Dama-

358 2011 484 2064 sippo,
526 2011 597 2061 qui
637 2013 803 2062 praetor
837 2008 1020 2051 urbanus
1049 2013 1151 2061 erat,
1179 2008 1463 2062 mandaverat,
1494 2013 1540 2050 ut
1567 2009 1794 2051 nobilitatis

358 2081 564 2132 principes
593 2081 636 2121 in
665 2079 780 2122 curia
810 2079 1047 2121 trucidaret.
1104 2079 1261 2121 Senatu
1291 2083 1516 2121 convocato
1545 2078 1666 2121 foeda
1682 2079 1793 2121 facta

358 2155 420 2192 est
470 2150 616 2192 caedes
661 2150 985 2192 clarissimorum
1029 2150 1226 2203 virorum,
1270 2150 1381 2191 inter
1426 2163 1531 2201 quos
1584 2149 1700 2191 fuere
1742 2149 1791 2191 P.

358 2221 566 2263 Antistius
593 2220 766 2274 Aedilis,
782 2220 956 2272 Pompei
973 2234 1100 2273 socer,
1116 2220 1234 2262 cuius
1248 2233 1356 2262 uxor
1371 2219 1611 2272 Calpurnia,
1629 2219 1792 2262 Bestiae

357 2291 456 2345 filia,
485 2292 561 2333 viri
590 2291 828 2333 calamitate
855 2290 999 2333 audita
1026 2290 1164 2342 gladio
1187 2304 1230 2332 se
1257 2290 1346 2342 ipsa
1374 2290 1602 2343 transfixit3
1632 2289 1678 2332 O.
1711 2289 1793 2332 Pa-

357 2363 486 2415 pirius
529 2363 676 2412 Carbo,
719 2363 792 2415 qui
832 2368 997 2415 praetor
1037 2362 1116 2404 fuit
1158 2376 1255 2404 ann.
1290 2363 1355 2415 84,
1385 2361 1541 2404 Lucius
1571 2361 1792 2415 Domitius,

407 2557 441 2602 l)
467 2555 567 2603 App.
593 2555 619 2592 l.
644 2556 669 2592 1.

407 2622 441 2666 2)
467 2621 575 2657 Oros.
613 2621 663 2658 V.
699 2623 756 2657 20.
783 2621 892 2658 Eutr.
920 2621 968 2658 V.
995 2623 1028 2657 8.
1053 2621 1169 2657 Auet.
1197 2621 1244 2658 de
1272 2621 1320 2657 V.
1347 2621 1380 2657 Ι.
1407 2621 1448 2657 in
1474 2620 1573 2657 Mar.
1608 2621 1662 2658 fil.
1688 2620 1790 2658 vell.

358 2668 413 2704 ΙΙ.
439 2670 496 2704 26.
521 2668 604 2704 Liv.
630 2669 700 2716 Ep.
726 2669 783 2706 8¹7.
808 2669 841 2705 F
844 2670 914 2706 lor.
945 2669 1023 2705 III.
1050 2670 1106 2705 21.
1134 2668 1299 2716 Eutrop.
1324 2669 1350 2705 l.
1376 2668 1402 2704 l.
1427 2668 1546 2704 refert
1563 2668 1793 2705 Sullammo

359 2716 529 2751 Marium
555 2718 684 2752 20.000
707 2716 906 2753 hominum
930 2716 1119 2759 amisisse;
1145 2716 1254 2753 Oros.
1278 2716 1304 2753 1.
1328 2716 1354 2753 l.
1379 2717 1512 2753 25.ΟΟΟ
1527 2716 1792 2754 Marianorum

360 2775 469 2800 caesa
494 2763 611 2799 fuisse
636 2764 779 2800 scribit.

408 2827 443 2872 3)
468 2827 582 2863 Auct.
609 2827 656 2863 de
683 2828 725 2865 V.
756 2828 789 2863 I.
816 2830 872 2864 68.

408 2893 443 2936 4)
469 2892 568 2937 App.
594 2891 636 2926 B.
665 2891 703 2926 C.
730 2892 760 2926 I.
788 2893 844 2926 88.
870 2892 952 2928 Liv.
980 2892 1051 2940 Ep.
1077 2893 1134 2931 87.
1161 2892 1264 2929 Vell.
1288 2891 1343 2928 ΙΙ.
1369 2892 1425 2929 27.
1453 2892 1561 2929 Oros.
1587 2892 1635 2929 V.
1662 2891 1719 2929 21.
