1988 3366
1052 295 1105 336 80

358 474 582 531 Pompeius
611 492 706 520 cum
733 478 923 529 equitatu
951 478 1109 520 auxilio
1127 479 1242 520 venit
1272 478 1573 530 Metellumque
1587 477 1798 522 obsidione

355 549 562 601 liberavit,
590 553 637 590 ut
664 563 719 590 ex
745 549 795 590 iis
821 562 928 600 quae
956 549 1067 600 apud
1092 544 1332 601 Appianum
1361 553 1591 600 sequuntur
1620 549 1796 592 conicio:

359 620 435 662 Καὶ
462 620 574 661 τοῦδε
601 619 673 670 μὲν
705 618 940 672 (Carbonis)
971 620 1176 671 Πομπήϊος
1212 625 1285 669 τῆς
1316 619 1497 672 οὐραγίας
1531 618 1800 671 ἐξαπτόμενος

358 690 536 742 ἠνώχλει.
563 689 725 731 Eodem
751 694 937 742 tempore
965 694 1007 731 et
1034 689 1180 732 eadem
1208 690 1422 732 occasione
1450 689 1646 732 Metellus
1662 689 1799 732 denuo

359 760 560 802 Carbonis
599 761 812 811 copiarum
855 761 964 812 parti
1004 760 1164 802 cladem
1193 761 1335 802 attulit
1365 764 1407 802 et
1435 774 1518 803 non
1548 760 1681 803 multo
1710 763 1801 813 post

360 831 585 883 Pompeius
631 831 837 873 Marcium
879 831 1065 883 legatum
1106 831 1159 873 ad
1204 831 1356 873 Senam
1402 830 1608 874 Gallicam
1649 830 1803 874 devicit

360 914 487 953 quam
514 902 663 944 urbem
693 901 864 954 diripuit
896 901 960 954 1).

415 972 523 1015 Cum
551 973 668 1015 Sulla
696 972 864 1015 interim
893 973 1143 1015 instantibus
1174 973 1350 1025 peractis
1379 977 1420 1015 et
1451 973 1685 1022 amicorum
1711 973 1800 1025 qui-

361 1043 535 1086 busdam
589 1043 695 1086 Urbi
740 1044 970 1097 praefectis,
1012 1044 1055 1086 in
1096 1043 1313 1085 Etruriam
1354 1044 1562 1096 profectus
1605 1047 1713 1087 esset
1739 1044 1797 1098 2),

365 1113 501 1156 Carbo
542 1114 689 1157 eodem
728 1113 941 1157 contendit
981 1118 1024 1156 et
1065 1114 1119 1156 ad
1165 1114 1354 1156 Clusium
1400 1114 1598 1157 consedit.
1655 1114 1799 1157 Primo

367 1198 611 1236 congressus
650 1189 713 1227 est
754 1185 872 1227 Sulla
913 1184 965 1227 ad
995 1185 1173 1227 fluvium
1203 1184 1368 1227 Clanim
1398 1188 1495 1228 cum
1521 1185 1803 1238 Hispanorum

365 1254 673 1298 Celtiberorum
700 1255 788 1308 alis,
818 1268 922 1307 quas
950 1259 1048 1298 tunc
1078 1256 1275 1307 temporis
1316 1262 1526 1307 praetores
1562 1255 1806 1298 consulibus

365 1326 524 1368 auxilio
539 1326 749 1375 miserant3
763 1325 946 1367 hostium
960 1326 1123 1368 circiter
1137 1326 1441 1379 quinquaginta
1457 1325 1620 1379 occidit,
1634 1325 1804 1369 ducenti

366 1396 420 1439 ad
447 1411 544 1439 eum
584 1397 831 1449 transgressi
870 1400 977 1438 sunt.
1022 1396 1183 1438 Eodem
1212 1401 1399 1449 tempore
1427 1397 1563 1439 altera
1593 1411 1688 1450 pars
1715 1397 1804 1439 eius

366 1468 575 1510 exercitus
602 1466 741 1510 hostes
767 1467 923 1520 proelio
951 1466 1005 1509 ad
1033 1466 1274 1509 Saturniam
1305 1468 1426 1509 vicit:
1455 1481 1510 1509 ex
1538 1481 1620 1519 quo
1646 1466 1803 1510 confici

367 1542 502 1590 potest
528 1552 625 1580 eum
653 1539 780 1590 copiis
807 1538 1004 1590 bipartito
1020 1537 1161 1580 divisis
1177 1537 1338 1580 duobus
1354 1538 1574 1581 itineribus
1588 1538 1803 1581 Etruriam

368 1609 601 1661 ingressum
636 1623 736 1652 esse.
794 1609 980 1651 Tandem
1011 1609 1064 1651 ad
1095 1608 1282 1651 Clusium
1311 1623 1406 1651 cum
1435 1609 1628 1652 Carbone
1655 1623 1804 1652 manus

371 1679 601 1722 conseruit:
644 1679 698 1722 ab
738 1679 897 1721 oriente
939 1678 1005 1721 die
1051 1693 1181 1730 usque
1207 1679 1263 1721 ad
1290 1678 1546 1721 occidentem
1573 1682 1804 1732 pugnatum

371 1756 445 1804 est,
486 1743 632 1793 donec*
653 1755 801 1792 neutro
830 1750 1058 1792 inclinante
1086 1751 1260 1792 victoria
1290 1751 1473 1793 tenebris
1501 1750 1668 1792 diremti
1694 1753 1803 1792 sunt.

371 1820 534 1864 Deinde
589 1834 644 1863 ex
690 1820 865 1863 adverso
907 1824 1042 1863 castra
1080 1821 1262 1873 posuisse
1307 1820 1513 1874 videntur,
1561 1824 1710 1864 neutro
1751 1819 1805 1862 ad

372 1906 554 1944 pugnam
578 1892 817 1934 lacessente.

424 1963 520 2005 Non
548 1963 681 2005 multo
711 1966 803 2014 post
830 1961 1085 2005 Carboniani
1117 1962 1246 2004 semel
1273 1965 1315 2003 et
1342 1962 1495 2004 iterum
1516 1962 1628 2004 mala
1639 1962 1806 2004 fortuna

372 2034 437 2075 usi
477 2037 598 2075 sunt:
643 2047 741 2074 nam
781 2046 885 2084 quas
919 2033 1061 2084 copias
1085 2032 1264 2074 consul?
1292 2033 1336 2074 in
1367 2032 1627 2084 Spoletinum
1657 2045 1804 2084 agrum

373 2104 498 2156 misit,
539 2108 586 2146 ut
629 2102 902 2155 Carrinatem,
948 2103 1065 2145 cuius
1106 2106 1242 2145 castra
1285 2102 1511 2155 Pompeius
1552 2107 1593 2145 et
1634 2102 1806 2146 Crassus

374 2174 745 2223 circumsedebant,
790 2173 1004 2216 obsidione
1032 2173 1274 2225 liberarent,
1303 2173 1420 2215 Sulla
1447 2187 1521 2225 per
1548 2173 1718 2216 insidias
1746 2173 1806 2216 fu-

375 2245 435 2287 dit
466 2249 508 2287 et
537 2245 590 2287 ad
618 2244 699 2286 duo
728 2245 844 2286 milia
870 2245 1098 2286 interemit:
1130 2244 1325 2286 Carrinas
1339 2243 1508 2294 quidem
1521 2247 1645 2286 noctu
1660 2244 1804 2287 evasit.

376 2315 538 2357 Deinde
580 2315 653 2357 ubi
681 2314 819 2357 Carbo
847 2315 1047 2367 comperit
1075 2315 1259 2356 Marium
1286 2314 1397 2356 fame
1425 2314 1570 2366 premi,
1600 2314 1806 2357 Marcium

376 2400 474 2427 cum
503 2389 597 2427 octo
625 2385 859 2437 legionibus
887 2385 1114 2427 Praeneste
1143 2385 1300 2426 auxilio
1332 2385 1455 2437 misit,
1486 2398 1594 2436 quae
1621 2385 1812 2436 angustis

376 2456 474 2498 locis
516 2471 543 2497 a
569 2455 770 2508 Pompeio
798 2459 1010 2508 exceptae,
1039 2456 1081 2496 in
1109 2455 1252 2507 fugam
1279 2455 1489 2497 coniectae
1517 2454 1805 2507 dispersaeque

376 2531 483 2576 sunt,
512 2532 560 2568 ut
588 2540 671 2569 non
701 2527 793 2578 plus
820 2530 979 2578 septem
1009 2526 1197 2568 cohortes
1225 2540 1320 2568 cum
1349 2525 1506 2567 Marcio
1533 2525 1589 2567 ad
1618 2525 1805 2568 Clusium

376 2597 573 2640 redirent.

427 2790 461 2835 1)
486 2789 592 2825 Plut.
616 2789 749 2837 Pomp.
776 2802 806 2826 c.
832 2791 864 2825 8.

427 2856 462 2897 2)
488 2856 586 2901 App.
611 2854 653 2890 B.
681 2854 720 2890 C.
747 2855 779 2890 Ι.
804 2856 850 2890 89
876 2867 980 2901 seqq.
