1988 3366
810 336 881 380 101

190 514 256 562 m
293 529 349 561 ox
389 517 529 561 Fastis
570 521 700 572 patet,
727 519 1003 573 triumphavit
1030 535 1112 564 non
1141 522 1194 565 de
1220 522 1395 578 civibus,
1422 522 1496 566 sed
1522 522 1576 567 de

134 592 238 643 a!
279 587 551 632 Mithridate:
593 604 692 633 nam
721 596 767 634 ut
793 592 997 635 Graeciae
1024 597 1067 635 et
1095 593 1224 636 Asiae
1252 594 1406 637 multas
1432 594 1573 645 urbes.

135 657 202 705 ib
221 658 379 703 civium
407 659 570 702 nullum
600 661 797 714 oppidum
831 663 947 705 vexit
978 664 1030 715 1).
1087 663 1232 706 Priore
1260 664 1330 707 die
1358 665 1573 707 transtulit

134 727 181 774 ii
218 728 383 774 Urbem
424 730 662 783 quindecim
711 733 828 775 milia
868 733 1003 786 pondo
1031 735 1137 785 auri,
1166 734 1364 786 postridie
1407 736 1572 788 argenti

133 794 296 855 m
323 801 442 844 milia
470 801 605 853 pondo
632 808 675 844 et
703 802 902 846 tredecim
931 804 1047 846 milia
1075 804 1210 858 pondo
1233 806 1338 858 auri,
1353 819 1463 858 quae
1481 805 1572 848 Ma-

132 863 224 915 riua
246 870 360 914 filius
383 885 440 915 ex
466 871 731 925 Capitolinae
757 874 872 916 aedis
901 874 1090 917 incendio
1118 877 1349 929 ceterisque
1377 877 1573 920 omnibu·

117 939 319 986 <dehetis
347 942 578 986 Praeneste
607 944 818 987 detulerat
846 946 902 998 2).

142 1009 419 1056 *Tamtu
454 1013 669 1067 triumpho
710 1029 850 1057 rerum
891 1030 918 1057 a
945 1029 988 1058 se
1018 1021 1229 1067 gestarum
1260 1017 1464 1059 rationem
1496 1031 1571 1070 pro

132 1081 326 1127 meone
364 1083 547 1126 reddidit
590 1089 634 1127 ct
662 1099 743 1127 non
789 1086 928 1128 minus
968 1086 1192 1139 diligenter
1218 1088 1433 1130 enarravit
1459 1102 1569 1139 quae

130 1151 311 1197 feliciter
350 1167 478 1207 quam
505 1169 613 1207 quae
642 1155 805 1198 sortiter
844 1157 1029 1199 fecisset:
1087 1162 1294 1210 postremo
1320 1158 1438 1200 iussit
1460 1157 1567 1201 hanc

131 1222 189 1268 ob
212 1237 383 1268 musam
411 1239 456 1268 se
484 1226 648 1269 felicem
678 1228 883 1269 nominari
901 1229 958 1280 3),
984 1242 1163 1279 quocum
1179 1228 1424 1281 cognomine
1438 1229 1476 1270 ei
1493 1242 1566 1281 pro

129 1295 276 1339 rostris
300 1300 443 1338 statua
469 1298 673 1349 equestris
700 1304 849 1341 aurata
876 1298 1009 1351 posita
1035 1303 1109 1340 est.
1160 1298 1264 1341 Inde
1291 1299 1421 1341 fllium
1439 1312 1463 1341 e
1481 1298 1567 1341 Me·

132 1364 239 1409 tolla
267 1370 414 1409 natum
442 1366 661 1419 Faustum,
701 1368 831 1411 filiam
872 1368 1072 1411 Faustam
1112 1369 1350 1421 appellavit.
1394 1369 1566 1412 Graecia

67 1452 72 1457 ¹
131 1449 234 1480 voro
285 1437 474 1481 scribens
527 1442 570 1480 et
623 1452 718 1481 cum
761 1439 825 1481 his
867 1453 995 1491 agens
1034 1453 1078 1481 se
1120 1439 1297 1481 Veneris
1334 1439 1564 1490 gratiosum

129 1505 475 1564 (Ἐπαφρόδιτον)
502 1509 742 1562 appellabat
769 1517 810 1551 et
839 1510 950 1562 apud
965 1510 1146 1552 Graecos
1161 1509 1395 1551 huiusmodi
1415 1523 1563 1552 nomen

129 1577 221 1622 eius
260 1579 304 1622 in
347 1580 499 1622 statuis
541 1580 783 1633 inscriptum
821 1585 936 1622 erat:
978 1586 1216 1623 ΛΕτκιοΣ
1250 1585 1562 1624 κοΡΝιιΛιοΣ

129 1654 363 1694 ΣΤΛΛΑΣ
416 1656 815 1694 ΕΠΑΦΡΟΔΙΊῸΣ.
887 1650 954 1693 Ex
1009 1651 1201 1703 Appiano
1251 1650 1386 1702 colligi
1431 1656 1564 1703 potest

129 1723 363 1773 utrumqne
380 1734 613 1774 cognomen
640 1722 678 1763 ei
707 1736 760 1763 ex
790 1721 1155 1764 Senatusconsulto
1183 1719 1359 1762 inditum
1385 1734 1474 1762 esse
1495 1721 1561 1772 4);

123 1794 273 1834 auctor
297 1789 352 1834 de
382 1790 433 1833 V.
464 1791 497 1834 I.
527 1806 562 1834 c.
591 1794 643 1833 23
675 1792 762 1834 ait:
794 1791 925 1834 Mario
961 1791 1186 1834 Praeneste
1203 1790 1432 1841 interfecto,
1451 1790 1563 1833 Feli-

128 1875 222 1906 oem
246 1875 292 1906 se
319 1862 457 1906 edicto
484 1863 713 1916 appellavit
740 1865 796 1915 5).

182 1931 343 1977 Eodem
373 1947 487 1977 anno
516 1932 602 1987 (81)
635 1933 887 1987 reipublicae
914 1938 1068 1975 statum
1098 1933 1214 1975 novis
1242 1931 1402 1984 legibus
1415 1932 1562 1975 contir-

127 2004 273 2052 mavit,
298 2005 453 2058 quibus
481 2005 754 2059 optimatibus
781 2004 1079 2058 rempublicam
1109 2003 1291 2046 tradidit.
1322 2002 1445 2056 Apud
1463 2016 1561 2045 auc·

128 2079 263 2129 torem
290 2090 394 2119 vero
423 2081 610 2120 nostrum
639 2076 772 2120 altum
800 2075 853 2119 de
881 2089 931 2118 ea
961 2089 1005 2117 rc
1031 2074 1256 2117 silentium.

181 2144 384 2190 Consules
423 2152 524 2190 tunc
564 2152 685 2190 erant
725 2146 782 2189 M.
825 2145 1001 2197 Tullius,
1052 2144 1271 2187 Cornelius
1312 2142 1558 2191 Dolabella;

125 2229 226 2260 nam
251 2217 443 2270 quamvis
472 2231 570 2261 vere
598 2231 674 2261 rex
702 2221 812 2260 esset
833 2216 1026 2259 omnibus
1042 2228 1141 2268 prae
1158 2220 1314 2257 terrore
1329 2213 1560 2265 silentibus,

124 2287 277 2342 populo
316 2289 562 2342 permiserat
599 2287 790 2331 consules
827 2301 970 2329 creare
1012 2293 1058 2329 ut
1100 2286 1273 2338 pristina
1303 2284 1559 2339 reipublicae

42 2340 45 2342 .
124 2363 263 2408 forma
285 2374 457 2403 manere
485 2359 710 2403 videretur.
766 2359 860 2411 Ipse
902 2356 1071 2409 quidem
1118 2356 1323 2407 frequonti
1354 2354 1555 2396 satellitio

118 2430 313 2485 stipatus,
341 2430 490 2483 viginti
519 2435 699 2484 quatuor
726 2428 951 2475 securibus.
981 2433 1027 2470 ut
1046 2427 1144 2469 olim
1161 2425 1341 2478 regibus,
1360 2424 1556 2478 praelatis

174 2649 210 2694 1)
235 2647 324 2685 an.
350 2647 457 2685 Max.
483 2647 537 2684 11.
564 2650 601 2685 8.
626 2647 659 2686 7.

173 2714 211 2761 2)
233 2712 335 2750 Plio.
361 2711 412 2749 H.
438 2711 489 2749 N.
513 2712 714 2749 xxxin.
740 2714 773 2747 5.

173 2778 211 2824 3)
234 2777 339 2815 Vell.
363 2776 418 2814 II.
443 2778 501 2814 27.
527 2777 625 2826 App.
654 2776 695 2813 B.
721 2776 760 2813 C.
789 2775 818 2812 I.
845 2776 902 2813 ⁰7.

176 2845 213 2889 4)
237 2843 339 2890 App.
364 2841 389 2879 l.
415 2841 440 2879 l.

178 2909 215 2955 5)
239 2906 344 2945 vell.
371 2906 397 2946 l.
422 2906 447 2946 l.
