1988 3366
227 315 230 317 Α
275 274 407 290 “²“
568 256 571 257 *
596 248 609 252 '⁷
873 274 925 324 ει

178 477 287 523 ηᾳο.
340 462 538 508 Exeunte
565 478 676 508 anno
701 464 884 508 secundo
914 465 1010 509 belli
1036 466 1200 510 socialis
1227 466 1295 510 vel
1327 466 1495 510 Marsici
1526 465 1614 520 (89)

178 532 363 587 Romam
389 549 594 590 reversus,
619 540 807 590 utsupra
830 537 1098 588 ostendimus,
1112 551 1244 592 paene
1257 538 1444 581 omnium
1458 537 1613 581 civium

177 605 388 661 suffragiis
431 606 576 651 consul
621 612 786 651 creatus
829 612 893 651 est
941 608 980 662 1)
1028 623 1124 652 cum
1166 608 1204 659 Q
1249 608 1451 663 Pompeio
1500 608 1612 652 Rufo

106 694 109 697 ’
177 677 421 728 πεντήκοντα
462 676 532 728 ἔτη
569 679 750 730 γεγονώς.
804 678 914 722 Vell.
951 684 1092 723 autem
1115 680 1143 723 l.
1170 680 1219 723 l.:
1250 679 1386 735 ¹‚Eum
1410 679 1611 723 honorem

178 747 661 811 ,undequinquagesimo
689 751 840 793 aetatis
865 764 965 794 suae
993 765 1103 794 anno
1131 756 1348 795 assecutus
1373 750 1474 794 est.”
1503 750 1611 794 Cum

174 824 394 875 praeterea
419 825 580 864 constet
607 821 650 875 2)
678 835 776 864 eum
804 822 1064 875 sexagesimo
1090 836 1200 865 anno
1226 822 1376 866 aetatis
1389 822 1611 866 decessisse

177 890 280 946 (78),
310 889 564 935 Plutarchus
591 896 717 945 errat,
744 907 915 946 annum,
943 907 1026 946 quo
1052 893 1209 936 honore
1236 893 1404 937 functus
1422 898 1609 948 est‚cum

173 974 298 1016 anuo,
338 976 422 1015 quo
447 962 591 1006 consul
618 967 682 1006 est
711 962 950 1017 designatus
990 963 1259 1007 confimdens.
1314 964 1451 1007 Natus
1478 964 1609 1017 igitur

173 1037 239 1077 est
263 1047 374 1077 anno
405 1035 494 1076 138.
522 1034 566 1087 3)

225 1102 355 1148 Errat
384 1105 512 1148 etiam
539 1105 769 1160 Eutropius
795 1108 852 1159 4),
874 1107 946 1159 qui
974 1107 1201 1160 existimat,
1215 1106 1488 1160 quadriennio
1510 1121 1607 1150 cum

171 1175 291 1230 gravi
333 1176 572 1220 calamitate
612 1177 691 1220 hoc
728 1178 884 1221 bellum
914 1182 1094 1221 tractum
1125 1191 1233 1221 esse:
1261 1178 1408 1230 quinto
1435 1177 1605 1221 demum

170 1261 283 1291 anno
334 1247 462 1291 finem
500 1249 708 1302 accepisse
739 1263 813 1302 per
837 1248 888 1291 L.
916 1248 1039 1292 Corn.
1068 1248 1228 1292 Sullam
1253 1248 1478 1303 consulem,
1506 1262 1603 1292 cum

170 1322 298 1362 antea
336 1319 379 1362 in
421 1319 568 1362 eodem
609 1320 721 1363 bello
762 1319 896 1362 multa
937 1324 1118 1373 strenue,
1147 1319 1220 1363 sed
1246 1324 1413 1373 praetor
1440 1320 1603 1373 egisset.

169 1388 283 1433 Nam
330 1389 473 1433 addito
516 1391 643 1433 etiam
691 1405 802 1433 anno
839 1392 904 1444 91,
943 1405 1025 1443 quo
1063 1390 1220 1434 bellum
1247 1391 1384 1444 potius
1411 1395 1603 1443 paratum

170 1474 298 1513 quam
338 1467 504 1514 gestum
546 1466 621 1515 est,
648 1475 732 1504 non
756 1461 935 1513 amplius
962 1461 1282 1514 quadriennium
1311 1465 1430 1504 esset„
1486 1461 1603 1505 Sulla

169 1530 339 1575 consule
380 1546 480 1574 vero
522 1531 680 1575 bellum
721 1532 955 1575 confectum
998 1537 1100 1584 erat,
1141 1532 1219 1575 nisi
1261 1534 1304 1583 5)
1338 1546 1422 1585 qua
1448 1532 1601 1575 Nolani

169 1602 270 1647 belli
310 1603 539 1646 manebant
577 1603 790 1655 reliquiae.
844 1602 1040 1646 Vestinos
1079 1604 1189 1646 enim
1226 1608 1270 1646 et
1296 1603 1493 1657 Pelignos
1524 1602 1599 1645 Cn.

168 1673 395 1727 Pompeius
424 1674 643 1727 proconsul
671 1674 714 1717 in
741 1672 994 1717 deditionem
1022 1678 1252 1727 acceperat,
1279 1673 1407 1716 Marsi
1422 1687 1610 1727 quoque,·

169 1744 310 1789 Silone
356 1744 614 1798 Pompaedio
654 1745 698 1788 in
743 1759 884 1798 pugna
925 1745 1155 1795 interfecto,
1196 1758 1340 1797 pacem
1381 1745 1598 1798 petierant,

166 1817 244 1861 soli
271 1816 494 1869 Samnites,
521 1817 593 1869 qui
622 1821 766 1870 postea
791 1830 881 1859 sese
910 1830 1006 1860 cum
1034 1815 1170 1859 Cinna
1196 1821 1239 1859 et
1267 1815 1402 1859 Mario
1425 1816 1597 1859 coniun-

164 1893 333 1942 xerunt,
360 1902 479 1932 arma
505 1888 756 1931 retinebant.
782 1887 825 1941 6)

220 1958 376 2004 Consul
404 1959 539 2003 factus
566 1973 742 2002 uxorem
771 1958 1069 2002 nobilissimam
1103 1958 1226 2001 duxit
1253 1957 1598 2010 Caeciliam‚Me·

164 2030 254 2075 tnui
295 2030 376 2084 Pii,
416 2030 633 2073 Pontificio
667 2030 854 2082 maximi,
896 2029 1026 2072 filiam
1056 2030 1108 2082 (c.
1135 2030 1220 2082 33),
1248 2029 1391 2072 Coelia
1418 2042 1526 2081 quae
1555 2028 1594 2071 ei

163 2101 244 2145 fnit
282 2102 406 2144 tertia
447 2114 520 2155 per
562 2115 730 2143 causam
760 2099 990 2143 sterilitatis
1016 2099 1246 2153 repudiata.
1301 2099 1423 2150 Quod
1449 2103 1590 2142 autem

163 2172 307 2226 paucis
335 2171 482 2215 diebus
509 2177 601 2225 post
629 2171 844 2214 Metellum
871 2170 1006 2224 duxit,
1034 2171 1241 2213 immerito
1268 2170 1383 2213 illam
1405 2170 1590 2223 culpasse

162 2241 350 2286 videtur:
390 2242 499 2286 hanc
538 2242 707 2295 quidem
750 2255 914 2295 semper
954 2241 1094 2295 coluit,
1137 2247 1184 2284 ut
1224 2241 1268 2285 iu
1299 2240 1590 2294 Athenienses,

210 2464 247 2510 1)
272 2463 375 2502 Vell.
399 2463 485 2502 Pat.
509 2463 564 2502 11.
591 2465 646 2502 17.

207 2530 245 2574 ι)
270 2528 359 2566 vn.
385 2528 492 2567 Mu.
518 2529 591 2567 1x.
617 2531 674 2566 ss.
700 2530 800 2577 App.
826 2527 869 2566 B.
895 2528 935 2565 e.
963 2528 994 2565 1.
1021 2527 1100 2565 106.

158 2594 368 2679 ωηήὰρβ.
392 2594 419 2631 l.
444 2594 482 2679 l.1
494 2594 595 2679 33¹⁰
633 2594 685 2632 Η.
721 2593 772 2631 N.
810 2593 964 2631 XXVI.
996 2594 1054 2631 86.
1080 2592 1196 2630 VIII.
1221 2595 1280 2630 u.
1304 2592 1418 2630 Aust.
1443 2590 1493 2629 ds
1515 2590 1576 2629 vir

287 2669 296 2678 .
356 2654 438 2680 aus.
486 2670 496 2679 .
570 2670 579 2679 .

205 2708 243 2753 4)
267 2706 429 2756 Eutrop.
452 2706 502 2746 V.
526 2707 561 2746 3.

205 2773 243 2818 6)
268 2770 370 2809 VelL
395 2770 479 2809 Pat.
505 2771 530 2809 l.
554 2771 579 2808 l.

205 2837 242 2883 6)
266 2835 350 2873 Liv.
375 2835 445 2885 Ep.
472 2837 529 2874 ⁷⁶.
554 2838 611 2873 80.
