1988 3366
852 313 899 354 91

158 494 358 548 bmporis
385 494 509 549 longe
537 495 801 549 ditissimum,
828 496 1012 550 diripuit.
1054 496 1121 539 lta
1147 496 1201 539 ad
1229 496 1448 540 duodecim
1476 496 1597 540 milia

157 562 377 611 hominum
407 567 631 619 perierunt,
658 581 837 620 quorum
865 567 1049 620 quinque
1064 567 1180 610 milia
1196 567 1458 610 Praenestini
1471 566 1597 610 fuisse

158 633 356 679 videntur
385 636 440 690 1).
469 636 674 683 Flebilem
702 637 815 681 hunc
843 638 1025 681 civitatis
1051 652 1193 681 casum
1222 637 1420 682 Lucanus
1446 636 1597 681 cecinit

158 698 308 750 Phra.
336 705 395 750 11.
429 708 650 751 193—195.

754 778 898 833 „Vidit
926 778 1117 822 Fortuna
1143 779 1322 823 Colonos

323 847 622 901 „Praenestina
648 863 744 892 euos
769 854 939 892 cunctos
965 849 1090 892 simul
1117 863 1215 893 ense
1245 851 1411 904 recisos,

322 916 485 972 „Unius
513 919 711 972 populum
742 926 985 973 pereuntem
1014 926 1200 972 tempore
1228 921 1410 963 mortis.’'

212 987 442 1032 Praeneste
470 996 592 1043 capto
619 991 819 1033 nonnulla
854 990 1005 1044 oppida
1031 990 1169 1034 adhuc
1204 1005 1324 1034 arma
1337 992 1597 1036 retinebant:

160 1058 407 1114 Spoletium,
448 1061 766 1115 Interamnium,
807 1062 965 1115 Sulmo,
1005 1076 1114 1115 quae
1155 1067 1296 1106 tamen
1338 1062 1486 1106 eodem
1516 1063 1596 1107 hoc

160 1145 273 1186 anno
298 1131 387 1186 (82)
414 1132 457 1175 ἰιι
486 1133 628 1176 Sullae
657 1138 906 1187 potestatem
937 1139 1162 1177 venerunt:
1190 1134 1300 1176 inter
1328 1134 1433 1177 alios
1460 1135 1591 1178 etiam

158 1201 350 1246 Norbani
389 1203 630 1247 Praenestis
683 1204 877 1257 exemplo
930 1204 1117 1247 deterriti
1160 1205 1486 1258 pertinacissime
1527 1219 1595 1248 re-

161 1271 376 1317 sistebant.
430 1273 539 1317 Cum
568 1274 738 1317 tandem
768 1275 975 1317 Aemilius
1002 1273 1186 1327 Lepidus
1214 1279 1339 1318 noctu
1366 1275 1599 1328 proditione

162 1342 423 1387 intromissus
460 1351 582 1398 esset,
623 1345 785 1388 incolae
820 1345 872 1387 de
899 1345 1033 1388 salute
1060 1344 1328 1398 desperantes
1356 1345 1423 1388 vel
1450 1350 1599 1388 mutuo

163 1429 209 1458 se
247 1415 515 1459 confecerunt
562 1416 627 1458 vel
661 1416 738 1466 ipsi
766 1430 811 1458 se
842 1416 1168 1459 interemerunt:
1196 1415 1269 1458 alii
1298 1415 1457 1468 hiqueis
1483 1429 1600 1468 prae·

164 1484 290 1530 focati
318 1491 429 1541 sunt,
457 1487 530 1530 alii
557 1486 715 1530 foribus
743 1487 893 1530 clausis
912 1487 1054 1530 domos
1071 1485 1344 1529 incenderunt
1361 1491 1404 1529 et
1423 1486 1603 1529 flammis

164 1557 390 1612 perierunt.
419 1557 554 1601 Simul
583 1564 732 1601 ventus
748 1558 971 1601 vehemens
997 1563 1169 1600 exortus
1197 1557 1338 1610 ignem
1368 1572 1440 1610 per
1468 1562 1600 1600 totam

166 1628 319 1671 urbem
347 1628 521 1682 distulit,
555 1635 601 1672 ut
627 1628 829 1682 quidquid
857 1628 1036 1682 praedae
1062 1634 1170 1670 esset
1198 1628 1385 1671 futurum
1413 1628 1500 1681 igni
1527 1627 1602 1670 ab·

165 1705 416 1743 numeretur.
473 1700 548 1743 Kx}
585 1699 669 1743 οἶδε
698 1700 772 1751 μὲν
801 1698 917 1747 οὕτως
943 1699 1142 1752 ἐγκρατῶς
1167 1698 1359 1741 οἷπὲθκνυν
1387 1699 1442 1749 2).
1494 1697 1603 1741 Tota

168 1769 312 1823 itaque
355 1769 481 1813 Italia
522 1770 600 1813 sub
638 1770 764 1813 finem
803 1770 903 1812 anni
944 1770 997 1812 82
1041 1769 1082 1811 in
1113 1768 1255 1811 Sullae
1282 1773 1487 1821 potestate
1513 1772 1604 1811 erat

169 1840 314 1895 paucis
340 1839 502 1896 oppidis
529 1840 717 1894 exceptis
743 1854 852 1893 quae
880 1844 1022 1893 postea
1049 1844 1217 1892 recepta
1242 1843 1352 1882 sunt.

220 1910 348 1955 Errat
375 1912 504 1965 igitur
532 1912 750 1965 Appianus
765 1911 809 1965 3)
827 1910 1073 1954 existimans
1101 1909 1256 1952 bellum
1277 1910 1319 1952 iu
1335 1908 1459 1951 Italia
1472 1922 1603 1961 usque

167 1982 211 2027 in
239 1983 410 2027 tertium
438 1997 595 2027 anuum
624 1987 881 2036 protractum
908 1994 1016 2024 esse:
1045 1981 1084 2025 ἐς
1107 1981 1150 2023 δὲ
1166 1980 1310 2034 τριετὲς
1326 1979 1427 2031 ὅμως
1441 1980 1603 2033 mame

167 2053 277 2098 nard
320 2069 370 2106 γε
411 2054 479 2103 τὴν
524 2054 700 2096 ‘mum
742 2053 866 2107 μέχρι
910 2053 978 2102 τὴν
1006 2052 1133 2105 ἀρχὴν
1167 2051 1384 2101 ἀνεδήσατο
1425 2051 1600 2098 Σύλλας.

170 2123 455 2169 Brundusium
496 2124 608 2167 enim
650 2123 769 2167 Sulla
809 2122 969 2177 appulit
1010 2123 1180 2165 ineunte
1224 2135 1335 2164 anno
1377 2122 1428 2163 83
1457 2126 1499 2163 et
1525 2120 1604 2164 sub

170 2196 296 2240 finem
337 2195 435 2238 anni
475 2196 685 2248 sequentis
726 2208 870 2237 omnes
905 2193 1042 2237 hostes
1071 2195 1240 2244 vicerat,
1271 2198 1317 2235 ut
1347 2205 1399 2234 ne
1426 2191 1603 2235 duorum

168 2265 337 2319 quidem
365 2278 571 2308 annorum
597 2265 779 2318 spatium
807 2264 1123 2317 complectatur.

223 2335 449 2389 Pompeius
490 2335 773 2378 Marianorum
817 2334 1011 2387 reliquias
1050 2334 1092 2376 in
1134 2332 1276 2375 Sicilia
1311 2331 1424 2375 etin
1456 2332 1603 2375 Africa

170 2406 352 2459 sustulit3
380 2405 478 2450 belli
507 2406 739 2450 Sertoriani
769 2405 894 2448 finem
924 2403 1043 2447 Sulla
1072 2417 1154 2446 non
1185 2401 1300 2445 vidit.
