1988 3366
897 318 923 360 9

195 510 420 553 „maxume
446 500 649 552 pecuniae
679 500 863 554 largitor.
904 502 1045 554 Atque
1074 504 1133 546 illi
1163 505 1400 548 felicissimo
1426 507 1628 559 omniurn,

190 572 316 623 ‚ante
341 568 510 612 civilem
540 570 758 613 victoriam
786 586 1013 624 numquam
1045 588 1169 627 super
1196 574 1443 618 industriam
1461 576 1630 620 fortuna

190 639 308 693 ¹,fain
346 640 552 693 multique
596 641 856 696 dubitavere,
896 644 1042 686 foi-tior
1083 659 1138 687 an
1166 644 1325 688 felicior
1351 651 1483 689 esset:
1530 661 1628 690 nam

190 714 359 766 „postea
384 725 492 764 quae
519 712 666 756 fecerit
689 713 896 756 incertum
927 714 1062 758 habco
1090 715 1244 768 pudeat
1271 716 1406 769 magis
1419 731 1473 759 an
1490 718 1630 771 pigeat

190 780 456 835 „disserere”

240 851 462 896 Addamus
490 867 600 906 quae
628 859 774 897 auctor
802 859 943 898 noster
969 870 1060 908 cap.
1088 858 1113 898 6
1141 855 1194 899 de
1221 857 1390 910 ingenio
1418 865 1461 901 et
1490 859 1630 901 indole

187 923 279 967 eius
323 923 464 977 tradit,
508 929 555 966 ut
582 925 734 967 iustam
763 939 925 968 morum
955 926 1181 981 imaginem
1208 941 1447 980 expressam
1475 928 1630 972 habea·

187 1007 302 1038 mus:
360 994 574 1047 „Moribus
614 994 755 1048 dispar
795 1001 839 1038 et
878 996 955 1038 sibi
1001 1011 1082 1039 non
1124 1002 1318 1040 constans
1345 998 1450 1042 fuit:
1481 1014 1629 1052 rapere

191 1065 363 1119 „multm
389 1065 511 1118 plura
540 1066 697 1118 largiri,
728 1071 886 1108 temere
915 1066 1071 1109 honore
1098 1073 1142 1110 et
1169 1068 1423 1112 contumelia
1449 1070 1627 1122 afficere,

191 1135 352 1190 „oolere
391 1149 496 1188 quos
541 1135 620 1178 sibi
662 1137 787 1179 utiles
829 1151 918 1179 esse
962 1137 1152 1187 ducebat,
1180 1138 1439 1181 fastidiosum
1467 1154 1556 1182 esse
1588 1141 1630 1183 in

191 1206 309 1261 ,illos
334 1206 406 1259 qui
433 1206 591 1259 aliquid
619 1206 674 1249 ab
702 1207 790 1259 ipso
820 1214 1020 1260 peterent,
1050 1213 1095 1251 ut
1123 1210 1283 1252 nescias
1311 1214 1452 1252 utrum
1480 1217 1632 1254 natura

192 1277 453 1332 „fastidiosus
492 1292 547 1320 an
590 1278 786 1321 adulator
812 1279 949 1321 fuerit.
1005 1279 1050 1322 Si
1079 1280 1172 1331 quis
1200 1281 1444 1324 varietatem
1470 1282 1560 1323 eius
1587 1282 1629 1324 in

191 1348 425 1403 „puniendo
450 1348 707 1401 consideret3
736 1363 832 1391 eum
859 1349 1007 1401 quavis
1035 1349 1086 1391 de
1112 1364 1238 1392 causa
1264 1351 1369 1393 alios
1397 1351 1624 1394 crudeliter

193 1419 435 1475 „oeciderct,
474 1420 652 1462 alibrum
693 1420 851 1462 scelera
878 1420 1027 1463 leniter
1055 1422 1208 1474 ferret3
1239 1427 1328 1464 tum
1357 1422 1626 1465 atrocissimis

191 1490 338 1546 „facile
364 1491 530 1534 veniam
560 1490 692 1540 daret,
720 1496 810 1533 tum
839 1490 949 1533 levia
975 1496 1018 1533 et
1045 1491 1200 1543 exigua
1227 1497 1398 1545 peccata
1424 1492 1552 1535 caede
1580 1499 1626 1536 et

192 1562 422 1617 ,bonorum
440 1562 719 1616 publicatione
733 1567 1060 1615 persequeretur,
1078 1563 1136 1605 ita
1150 1577 1238 1605 rem
1254 1564 1379 1616 possit
1397 1563 1628 1606 diiudicare

193 1647 328 1687 „eum,
370 1638 523 1675 natura
562 1633 616 1675 ad
663 1633 768 1675 iram
796 1644 839 1676 et
868 1633 1069 1675 ultionem
1100 1647 1363 1687 propensum,
1389 1633 1547 1686 aliquid
1576 1634 1628 1676 de

193 1704 445 1758 „acerbitate
473 1704 690 1756 remisisse,
719 1703 790 1746 ubi
819 1718 872 1746 ex
902 1718 980 1746 usu
1007 1704 1150 1746 esset.”

243 1773 434 1818 Tandem
482 1788 627 1817 omnes
670 1775 760 1817 eius
807 1774 1051 1827 patientiam
1098 1779 1225 1826 atque
1271 1776 1626 1827 perseverantiam

189 1843 377 1897 laudant,
403 1857 531 1896 quam
561 1858 874 1897 saepenumero,
903 1845 945 1887 in
976 1845 1100 1887 rebus
1127 1844 1314 1886 adversis
1328 1845 1627 1897 comprobavit:

191 1929 275 1958 non
301 1929 397 1958 raro
423 1920 566 1957 autem
595 1929 650 1957 ex
677 1915 838 1958 occulto
865 1920 991 1967 atque
1018 1929 1072 1956 ex
1100 1914 1259 1957 insidiis
1287 1914 1496 1967 agendum
1512 1922 1630 1968 puta-

191 1985 290 2030 bat:
346 2000 401 2028 ex
457 1986 508 2028 iis
565 1986 677 2028 enim
731 1985 969 2028 hominibus
1022 1986 1125 2034 fuit,
1182 1985 1253 2037 qui
1306 1985 1471 2037 quidvis
1539 1999 1632 2038 per-

193 2057 421 2111 petiuntur,
436 2057 569 2099 cuivis
582 2056 835 2108 deserviunt,
849 2056 948 2099 dum
968 2055 1078 2108 quod
1098 2055 1242 2098 volunt
1255 2061 1572 2107 consequantur.
1593 2058 1631 2109 l)

250 2127 315 2171 Ea
343 2142 452 2180 quae
481 2128 532 2171 de
548 2128 667 2171 Sulla
683 2142 811 2181 puero
826 2133 868 2170 et
881 2126 1145 2170 adolescente
1164 2126 1282 2169 nobis
1300 2125 1476 2169 dicenda
1498 2132 1631 2178 erant,

197 2215 279 2243 non
319 2207 416 2244 sunt
458 2200 603 2243 multa.
632 2202 677 2246 2)
721 2199 829 2242 Eum
871 2204 1013 2241 autem
1058 2199 1098 2240 in
1147 2198 1306 2240 litteras
1335 2203 1420 2240 tam
1449 2198 1633 2240 Graecas

197 2284 324 2323 quam
368 2270 541 2314 Latinas
582 2271 818 2313 incubuisse
860 2275 985 2320 atque
1026 2269 1179 2310 artium
1224 2267 1459 2310 liberalium
1490 2282 1632 2310 amau·

199 2342 404 2385 tissimum
432 2342 559 2386 fuisse
586 2356 681 2384 cum
710 2356 736 2383 a
764 2341 960 2383 Sallustio
988 2339 1012 2381 l.
1046 2340 1071 2381 1.
1100 2339 1310 2389 docemur,
1340 2345 1428 2380 tum
1457 2353 1511 2380 ex
1540 2338 1633 2380 aliis

199 2412 325 2455 rebus
365 2418 538 2455 constat.
593 2412 700 2455 Cum
736 2412 846 2453 enim
889 2425 977 2452 sese
1014 2410 1221 2452 dictatura
1248 2408 1479 2450 abdicasset
1507 2414 1634 2460 atque

195 2483 239 2526 in
290 2482 459 2536 praedia
506 2498 583 2526 sua
633 2497 757 2536 prope
803 2483 958 2524 Cumas
1004 2481 1254 2531 socofflisset,
1299 2494 1371 2532 per
1419 2479 1631 2522 biennium

195 2552 308 2606 quod
346 2553 389 2596 in
435 2553 533 2596 villa
572 2568 649 2597 sua
676 2553 790 2605 degit
817 2542 1134 2594 commentarios
1164 2550 1214 2593 ‹le
1244 2550 1329 2592 vita
1356 2565 1431 2592 sua
1458 2550 1632 2603 scripsit.

203 2624 365 2668 Deinde
401 2638 496 2668 eum
525 2638 579 2668 ex
612 2625 713 2667 Asia
742 2624 783 2667 in
814 2623 980 2666 Italiam
1011 2621 1176 2672 rediret,
1207 2620 1461 2673 Apelliconis
1490 2619 1632 2663 biblio·

254 2819 286 2861 1)
336 2816 412 2853 Cic.
438 2816 486 2853 de
511 2816 583 2852 Ofl'.
617 2816 647 2852 I.
674 2817 730 2851 30.
761 2816 838 2850 lov.

251 2884 290 2930 2>
339 2881 396 2920 Do
422 2894 522 2920 anno
540 2881 657 2919 natali
684 2880 730 2917 es.
757 2879 945 2917 observat.
973 2878 1009 2915 in
1036 2888 1115 2926 cap.
1137 2878 1171 2914 6.
