1988 3366
866 321 919 365 83

169 501 327 549 Pontio
366 502 562 548 Telesino
601 502 707 547 duce
738 518 834 548 cum
860 506 1128 559 septuaginta
1154 507 1325 551 milibus
1349 513 1610 552 armatorum

168 573 401 619 Praeneste
455 574 777 628 contenderunt,
819 589 999 628 quocum
1041 576 1099 619 M.
1145 577 1404 632 Lamponius
1444 580 1482 633 1)
1525 579 1611 624 Lu·

168 658 300 688 eanua
353 649 398 688 et
451 644 587 688 Gutta
640 659 696 689 ex
738 645 885 699 Capua
924 661 1044 690 arma
1083 649 1440 693 consociaverant.
1517 650 1610 701 Quo

167 714 314 760 audito
355 715 474 759 Sulla
527 715 702 759 Etruria
756 718 904 760 relicta
956 731 1047 761 sese
1102 719 1163 762 eis
1218 720 1370 764 obiecit
1423 726 1467 764 et
1520 722 1611 764 fau·

2 787 5 791 ’
85 848 93 854 .
168 786 288 831 cibus
328 786 554 840 occupatis,
596 801 670 840 per
710 801 815 840 quas
855 788 964 831 solas
1007 793 1098 832 erat
1149 791 1361 844 transitus,
1390 790 1529 835 hostes
1556 791 1611 835 ab

168 855 289 901 aditu
328 857 575 901 interclusit.
631 858 681 900 L.
725 858 902 901 Pontius
943 873 1212 913 perrumpere
1254 860 1410 904 frustm
1438 867 1612 905 conatus

169 932 254 972 est:
281 941 416 981 neque
431 928 710 981 Damasippus
725 943 822 972 eum
835 930 929 972 aliis
943 929 1107 973 duabus
1123 931 1357 984 legionibus
1373 946 1400 974 a
1418 932 1613 976 Carbone

169 998 320 1043 minus
358 999 428 1053 (cf.
469 1013 504 1042 c.
532 1001 604 1052 28)
632 1013 723 1042 rem
750 1000 951 1053 perficere
979 1002 1125 1054 potuit,
1155 1016 1291 1055 neque
1318 1002 1489 1046 tandem
1521 1003 1612 1046 Ma·

167 1069 256 1114 rius
292 1069 524 1123 quidquam
564 1070 739 1123 profecit
780 1074 1000 1125 eruptione
1045 1087 1248 1126 pugnans,
1275 1073 1348 1116 sed
1375 1075 1611 1127 complures

168 1139 259 1185 dies
305 1145 491 1194 pugnato
532 1141 645 1184 intra
671 1141 899 1185 Praeneste
926 1143 1117 1196 repulsus
1144 1148 1220 1186 est.
1274 1143 1360 1187 Ubi
1390 1144 1529 1187 Carbo
1557 1159 1612 1188 ex

169 1209 299 1255 Italia
330 1211 528 1265 profugit,
555 1212 685 1255 etiam
714 1212 912 1256 Carrinas
938 1218 982 1256 et
1010 1213 1194 1256 Marcius
1221 1214 1453 1257 coniunctis
1480 1216 1610 1268 copiis

169 1280 225 1325 ad
248 1281 391 1326 fauces
418 1282 591 1335 profecti
619 1289 732 1337 sunt,
759 1298 856 1326 cum
883 1283 1142 1327 Samnitibus
1170 1285 1317 1337 utique
1346 1300 1418 1328 eas
1437 1299 1611 1339 perrup-

171 1352 269 1396 turi.
321 1351 431 1396 Cum
470 1366 524 1396 ne
551 1358 651 1397 tunc
690 1354 860 1406 quidem
902 1356 1165 1398 successisset
1195 1360 1239 1399 et
1266 1355 1386 1399 Sulla
1413 1371 1439 1398 a
1468 1357 1605 1400 fronte

170 1422 432 1478 prohibente,
460 1424 661 1478 Pompeio
686 1439 714 1467 a
742 1430 860 1479 tergo
887 1426 1080 1479 instante,
1105 1440 1240 1479 neque
1255 1431 1457 1480 receptus,
1471 1441 1607 1479 neque

170 1508 412 1549 progressus
440 1494 624 1548 daretur,
652 1496 841 1550 Pontius,
870 1497 1032 1550 magnis
1059 1498 1225 1550 proeliis
1253 1498 1511 1540 inveteratus
1536 1498 1607 1540 ille

170 1564 271 1619 dux,
310 1571 437 1609 noctu
480 1566 688 1619 profectus
726 1580 822 1610 cum
856 1571 945 1610 toto
971 1568 1161 1611 exercitu
1189 1567 1232 1620 2)
1262 1568 1442 1610 Romam
1471 1574 1610 1611 castra

170 1636 303 1680 movit
342 1641 386 1679 et
428 1650 578 1690 parum
619 1637 768 1691 abfuit,
806 1638 909 1689 quin
953 1637 1160 1691 praesidio
1203 1637 1393 1680 orbatam
1432 1643 1611 1691 caperet.

171 1705 281 1750 Cum
322 1706 439 1749 mille
478 1706 680 1750 ducentos
719 1707 1023 1761 quinquaginta
1061 1722 1205 1761 passus
1231 1723 1257 1750 a
1287 1708 1417 1751 Porta
1446 1707 1611 1751 Collina

170 1777 349 1831 abeoeet,
387 1777 448 1820 ibi
487 1783 627 1820 castra
667 1782 852 1821 metatus
893 1780 1167 1832 pernoctavit,
1213 1792 1386 1831 magnos
1441 1784 1611 1831 gestans

168 1848 340 1902 spiritus
364 1855 408 1891 et
434 1862 507 1902 spe
534 1849 683 1902 elatus,
709 1848 822 1902 quod
850 1854 912 1892 tot
941 1854 984 1892 et
1013 1854 1150 1892 tantos
1177 1849 1303 1892 duces
1332 1854 1427 1892 astu
1455 1854 1499 1891 et
1527 1849 1610 1892 sol-

168 1919 293 1963 lertia
321 1919 499 1963 vicisset.
555 1919 718 1973 „Roma
758 1934 840 1963 non
868 1920 1006 1963 maius
1035 1920 1266 1973 periculum
1293 1919 1412 1971 adiit,
1444 1919 1610 1962 Hanni-

170 1990 302 2046 ,balis
328 1990 441 2035 intra
466 1991 639 2034 tertium
667 1990 895 2034 miliarium
910 1996 1047 2033 castra
1065 1991 1303 2043 conspicata
1324 2004 1449 2043 quam
1467 2004 1517 2033 eo
1530 1990 1609 2043 die,

172 2060 316 2116 ,(Knl.
368 2060 479 2104 Nor.
524 2061 609 2113 82),
637 2074 721 2113 quo
764 2061 1072 2104 circumvolans
1115 2061 1281 2103 ordines
1309 2060 1522 2103 exercitus
1547 2061 1611 2103 sui

172 2131 416 2187 ,Telesinus
438 2131 716 2184 dictitansque
743 2131 888 2175 adesse
917 2131 1118 2174 Romanis
1150 2132 1344 2174 ultimum
1375 2130 1485 2173 diem
1501 2132 1610 2174 voci·

170 2202 409 2257 ,fetabatur
434 2201 663 2246 emendam
690 2201 994 2254 delendamque
1013 2202 1173 2255 urbem,
1188 2201 1372 2244 adiciens
1391 2215 1606 2254 nunquam

171 2273 413 2329 ,defuturos
434 2278 624 2328 raptores
651 2273 824 2317 Italicae
838 2273 1044 2317 libertatis
1058 2274 1189 2326 lupos,
1205 2273 1282 2316 nisi
1302 2272 1407 2315 silva
1422 2272 1463 2315 in
1481 2286 1608 2325 quam

169 2481 255 2565 ἠὲ)
279 2478 422 2518 Errant
445 2478 551 2517 Flor.
575 2478 655 2516 111.
680 2479 739 2515 21.
764 2481 803 2514 et
827 2476 936 2514 Oros.
963 2476 988 2514 1.
1003 2476 1027 2513 l.
1043 2475 1111 2525 qui
1124 2487 1213 2513 eum
1228 2476 1457 2513 Samnitium
1470 2475 1607 2514 ducem

233 2527 330 2565 ἀπε.

217 2592 255 2637 2)
279 2591 326 2629 In
351 2602 511 2628 numero
534 2590 685 2627 variant
709 2589 923 2637 scriptores.
976 2587 1084 2625 Eutr.
1114 2586 1159 2623 V.
1186 2590 1219 2624 5.
1237 2587 1481 2635 septuaginta
1495 2587 1606 2624 milia

170 2640 290 2677 {uisae
315 2638 444 2675 tradit.
468 2637 674 2685 Octoginta
692 2637 797 2673 milia
822 2635 935 2672 habet
960 2636 1069 2672 Oros.
1095 2634 1216 2671 V.20.
1245 2634 1344 2671 ven.
1372 2634 1455 2671 Pat.
1480 2635 1533 2671 11.
1558 2635 1604 2671 87

171 2685 440 2724 tantummodo
493 2685 721 2731 andr-ginta
746 2683 868 2720 milia:
894 2682 960 2719 scd
987 2682 1142 2719 videtur
1168 2683 1227 2718 hic
1252 2683 1481 2718 Samnitium
1498 2694 1605 2718 exer·

170 2734 272 2771 citus
298 2733 427 2770 fuisse.
493 2733 573 2769 'um
599 2737 727 2768 autem
756 2733 854 2779 App.
882 2730 1008 2766 tradat
1038 2729 1175 2767 Pontii.
1194 2728 1444 2777 Lamponiiet
1459 2731 1606 2766 Guttae

171 2781 307 2865 {3⁹³⁹-
328 2780 573 2864 “tpiifflmf
599 2776 1604 2872 '⁹⁵¹³‘-1?⁸:¹²5?222³·32’1252'2':sfffflssgzssmf'fft‘ss

218 2839 355 2865 arene
436 2839 622 2875 amasippx
647 2839 717 2863 vm
748 2839 770 2862 u
869 2839 888 2861 c
956 2852 964 2865 ‚
1269 2838 1286 2860 .-

175 2876 295 2913 tuisse
322 2875 488 2912 videtur.
