<?xml version="1.0" encoding="UTF-8"?>
<!DOCTYPE html PUBLIC "-//W3C//DTD XHTML 1.0 Transitional//EN"
    "http://www.w3.org/TR/xhtml1/DTD/xhtml1-transitional.dtd">
<html xmlns="http://www.w3.org/1999/xhtml" xml:lang="en" lang="en">
 <head>
  <title>
</title>
<meta http-equiv="Content-Type" content="text/html;charset=utf-8" />
  <meta name='ocr-system' content='tesseract 3.04.00' />
  <meta name='ocr-capabilities' content='ocr_page ocr_carea ocr_par ocr_line ocrx_word'/>
</head>
<body>
  <div class='ocr_page' id='page_1' title='image "./observationesinp00oppeuoft_0118.png"; bbox 0 0 1988 3366; ppageno 0'>
   <div class='ocr_carea' id='block_1_1' title="bbox 1030 334 1105 377">
    <p class='ocr_par' dir='ltr' id='par_1_1' title="bbox 1030 334 1105 377">
     <span class='ocr_line' id='line_1_1' title="bbox 1030 334 1105 377; baseline 0 -1"><span class='ocrx_word' id='word_1_1' title='bbox 1030 334 1105 377; x_wconf 88' lang='lat'>106</span> 
     </span>
    </p>
   </div>
   <div class='ocr_carea' id='block_1_2' title="bbox 347 505 1781 1000">
    <p class='ocr_par' dir='ltr' id='par_1_2' title="bbox 347 505 1781 1000">
     <span class='ocr_line' id='line_1_2' title="bbox 350 505 1779 573; baseline -0.001 -11"><span class='ocrx_word' id='word_1_2' title='bbox 350 520 531 564; x_wconf 87' lang='lat' dir='ltr'>tenderit</span> <span class='ocrx_word' id='word_1_3' title='bbox 572 520 773 573; x_wconf 78' lang='lat' dir='ltr'>animum,</span> <span class='ocrx_word' id='word_1_4' title='bbox 813 520 886 571; x_wconf 86' lang='lat' dir='ltr'>qui</span> <span class='ocrx_word' id='word_1_5' title='bbox 931 519 1075 563; x_wconf 91' lang='lat' dir='ltr'>decem</span> <span class='ocrx_word' id='word_1_6' title='bbox 1117 505 1264 562; x_wconf 85' lang='lat' dir='ltr'>diebus</span> <span class='ocrx_word' id='word_1_7' title='bbox 1293 522 1390 561; x_wconf 88' lang='lat' dir='ltr'>ante</span> <span class='ocrx_word' id='word_1_8' title='bbox 1414 518 1671 572; x_wconf 81' lang='lat' dir='ltr'>Puteolanis,</span> <span class='ocrx_word' id='word_1_9' title='bbox 1698 518 1779 561; x_wconf 88' lang='lat' dir='ltr'>dis-</span> 
     </span>
     <span class='ocr_line' id='line_1_3' title="bbox 349 589 1775 644; baseline -0.002 -10"><span class='ocrx_word' id='word_1_10' title='bbox 349 592 537 635; x_wconf 87' lang='lat' dir='ltr'>sensione</span> <span class='ocrx_word' id='word_1_11' title='bbox 567 591 867 643; x_wconf 80' lang='lat' dir='ltr'>laborantibus,</span> <span class='ocrx_word' id='word_1_12' title='bbox 898 591 1012 642; x_wconf 84' lang='lat' dir='ltr'>leges</span> <span class='ocrx_word' id='word_1_13' title='bbox 1039 590 1260 644; x_wconf 81' lang='lat' dir='ltr'>scripserit,</span> <span class='ocrx_word' id='word_1_14' title='bbox 1291 590 1365 632; x_wconf 75' lang='lat' dir='ltr'>tali</span> <span class='ocrx_word' id='word_1_15' title='bbox 1394 589 1503 643; x_wconf 88' lang='lat' dir='ltr'>turpi</span> <span class='ocrx_word' id='word_1_16' title='bbox 1520 590 1677 643; x_wconf 87' lang='lat' dir='ltr'>morbo,</span> <span class='ocrx_word' id='word_1_17' title='bbox 1690 590 1775 641; x_wconf 87' lang='lat' dir='ltr'>qui-</span> 
     </span>
     <span class='ocr_line' id='line_1_4' title="bbox 348 660 1781 710; baseline -0.001 -6"><span class='ocrx_word' id='word_1_18' title='bbox 348 662 559 704; x_wconf 89' lang='lat' dir='ltr'>hominem</span> <span class='ocrx_word' id='word_1_19' title='bbox 589 661 642 704; x_wconf 81' lang='lat' dir='ltr'>ad</span> <span class='ocrx_word' id='word_1_20' title='bbox 675 661 815 704; x_wconf 90' lang='lat' dir='ltr'>omnia</span> <span class='ocrx_word' id='word_1_21' title='bbox 843 661 979 703; x_wconf 78' lang='lat' dir='ltr'>reddit</span> <span class='ocrx_word' id='word_1_22' title='bbox 996 660 1237 710; x_wconf 86' lang='lat' dir='ltr'>inhabilem,</span> <span class='ocrx_word' id='word_1_23' title='bbox 1264 665 1477 703; x_wconf 90' lang='lat' dir='ltr'>mortuum</span> <span class='ocrx_word' id='word_1_24' title='bbox 1495 661 1604 702; x_wconf 80' lang='lat' dir='ltr'>esse?</span> <span class='ocrx_word' id='word_1_25' title='bbox 1619 660 1781 703; x_wconf 84' lang='lat' dir='ltr'>Plinius</span> 
     </span>
     <span class='ocr_line' id='line_1_5' title="bbox 349 730 1781 786; baseline -0.001 -11"><span class='ocrx_word' id='word_1_26' title='bbox 349 747 470 786; x_wconf 89' lang='lat' dir='ltr'>porro</span> <span class='ocrx_word' id='word_1_27' title='bbox 515 733 571 775; x_wconf 81' lang='lat' dir='ltr'>H.</span> <span class='ocrx_word' id='word_1_28' title='bbox 615 733 669 775; x_wconf 90' lang='lat' dir='ltr'>N.</span> <span class='ocrx_word' id='word_1_29' title='bbox 715 732 817 775; x_wconf 91' lang='lat' dir='ltr'>VII.</span> <span class='ocrx_word' id='word_1_30' title='bbox 848 733 901 773; x_wconf 85' lang='lat'>44</span> <span class='ocrx_word' id='word_1_31' title='bbox 927 732 1082 774; x_wconf 87' lang='lat' dir='ltr'>nullius</span> <span class='ocrx_word' id='word_1_32' title='bbox 1110 736 1172 775; x_wconf 86' lang='lat' dir='ltr'>est</span> <span class='ocrx_word' id='word_1_33' title='bbox 1199 731 1470 782; x_wconf 79' lang='lat' dir='ltr'>auctoritatis,</span> <span class='ocrx_word' id='word_1_34' title='bbox 1498 731 1571 782; x_wconf 85' lang='lat' dir='ltr'>qui</span> <span class='ocrx_word' id='word_1_35' title='bbox 1598 730 1675 773; x_wconf 92' lang='lat' dir='ltr'>hoc</span> <span class='ocrx_word' id='word_1_36' title='bbox 1703 731 1781 773; x_wconf 84' lang='lat' dir='ltr'>sibi</span> 
     </span>
     <span class='ocr_line' id='line_1_6' title="bbox 349 801 1780 856; baseline -0.001 -12"><span class='ocrx_word' id='word_1_37' title='bbox 349 804 536 856; x_wconf 72' lang='lat' dir='ltr'>arripuit,</span> <span class='ocrx_word' id='word_1_38' title='bbox 563 804 661 854; x_wconf 87' lang='lat' dir='ltr'>quia</span> <span class='ocrx_word' id='word_1_39' title='bbox 689 817 743 845; x_wconf 80' lang='lat' dir='ltr'>ex</span> <span class='ocrx_word' id='word_1_40' title='bbox 771 803 845 845; x_wconf 89' lang='lat' dir='ltr'>tali</span> <span class='ocrx_word' id='word_1_41' title='bbox 870 803 1015 845; x_wconf 88' lang='lat' dir='ltr'>morbo</span> <span class='ocrx_word' id='word_1_42' title='bbox 1042 802 1290 855; x_wconf 87' lang='lat' dir='ltr'>supplicium</span> <span class='ocrx_word' id='word_1_43' title='bbox 1315 802 1500 844; x_wconf 86' lang='lat' dir='ltr'>Deorum</span> <span class='ocrx_word' id='word_1_44' title='bbox 1515 801 1590 843; x_wconf 88' lang='lat' dir='ltr'>sibi</span> <span class='ocrx_word' id='word_1_45' title='bbox 1613 815 1780 854; x_wconf 85' lang='lat' dir='ltr'>cognos-</span> 
     </span>
     <span class='ocr_line' id='line_1_7' title="bbox 348 871 1780 926; baseline -0.003 -9"><span class='ocrx_word' id='word_1_46' title='bbox 348 888 441 917; x_wconf 84' lang='lat' dir='ltr'>cere</span> <span class='ocrx_word' id='word_1_47' title='bbox 470 874 646 926; x_wconf 87' lang='lat' dir='ltr'>videtur,</span> <span class='ocrx_word' id='word_1_48' title='bbox 671 873 889 917; x_wconf 87' lang='lat' dir='ltr'>ostendens</span> <span class='ocrx_word' id='word_1_49' title='bbox 915 873 1045 915; x_wconf 87' lang='lat' dir='ltr'>felicis</span> <span class='ocrx_word' id='word_1_50' title='bbox 1074 873 1183 915; x_wconf 89' lang='lat' dir='ltr'>illius</span> <span class='ocrx_word' id='word_1_51' title='bbox 1211 873 1372 916; x_wconf 83' lang='lat' dir='ltr'>exitum</span> <span class='ocrx_word' id='word_1_52' title='bbox 1400 872 1585 916; x_wconf 87' lang='lat' dir='ltr'>omnium</span> <span class='ocrx_word' id='word_1_53' title='bbox 1614 871 1667 916; x_wconf 86' lang='lat' dir='ltr'>ab</span> <span class='ocrx_word' id='word_1_54' title='bbox 1709 871 1780 914; x_wconf 89' lang='lat' dir='ltr'>illo</span> 
     </span>
     <span class='ocr_line' id='line_1_8' title="bbox 347 933 1514 1000; baseline -0.003 -12"><span class='ocrx_word' id='word_1_55' title='bbox 347 945 671 999; x_wconf 78' lang='lat' dir='ltr'>proscriptorum</span> <span class='ocrx_word' id='word_1_56' title='bbox 699 945 822 1000; x_wconf 80' lang='lat' dir='ltr'>longe</span> <span class='ocrx_word' id='word_1_57' title='bbox 850 944 976 988; x_wconf 88' lang='lat' dir='ltr'>fuisse</span> <span class='ocrx_word' id='word_1_58' title='bbox 1005 943 1294 988; x_wconf 84' lang='lat' dir='ltr'>crudeliorem.</span> <span class='ocrx_word' id='word_1_59' title='bbox 1511 933 1514 937; x_wconf 45' lang='grc'><strong>“</strong></span> 
     </span>
    </p>
   </div>
   <div class='ocr_carea' id='block_1_3' title="bbox 830 1128 1292 1172">
    <p class='ocr_par' dir='ltr' id='par_1_3' title="bbox 830 1128 1292 1172">
     <span class='ocr_line' id='line_1_9' title="bbox 830 1128 1292 1172; baseline -0.002 0"><span class='ocrx_word' id='word_1_60' title='bbox 830 1129 1027 1172; x_wconf 80' lang='lat' dir='ltr'><strong>CAPUT</strong></span> <span class='ocrx_word' id='word_1_61' title='bbox 1053 1128 1292 1172; x_wconf 86' lang='lat' dir='ltr'>XXXVII.</span> 
     </span>
    </p>
   </div>
   <div class='ocr_carea' id='block_1_4' title="bbox 345 1313 1788 2428">
    <p class='ocr_par' dir='ltr' id='par_1_4' title="bbox 345 1313 1788 2428">
     <span class='ocr_line' id='line_1_10' title="bbox 400 1313 1781 1368; baseline -0.002 -11"><span class='ocrx_word' id='word_1_62' title='bbox 400 1315 504 1357; x_wconf 85' lang='lat' dir='ltr'>Eius</span> <span class='ocrx_word' id='word_1_63' title='bbox 547 1319 726 1357; x_wconf 88' lang='lat' dir='ltr'>mortem</span> <span class='ocrx_word' id='word_1_64' title='bbox 772 1313 1026 1356; x_wconf 80' lang='lat' dir='ltr'>Plutarchus</span> <span class='ocrx_word' id='word_1_65' title='bbox 1068 1314 1128 1356; x_wconf 87' lang='lat' dir='ltr'>ita</span> <span class='ocrx_word' id='word_1_66' title='bbox 1163 1314 1322 1368; x_wconf 79' lang='lat' dir='ltr'>refert:</span> <span class='ocrx_word' id='word_1_67' title='bbox 1359 1313 1476 1355; x_wconf 79' lang='lat' dir='ltr'>Sulla</span> <span class='ocrx_word' id='word_1_68' title='bbox 1503 1327 1585 1355; x_wconf 90' lang='lat' dir='ltr'>non</span> <span class='ocrx_word' id='word_1_69' title='bbox 1614 1316 1781 1354; x_wconf 82' lang='lat' dir='ltr'>tantum</span> 
     </span>
     <span class='ocr_line' id='line_1_11' title="bbox 347 1383 1780 1438; baseline -0.003 -10"><span class='ocrx_word' id='word_1_70' title='bbox 347 1387 481 1428; x_wconf 85' lang='lat' dir='ltr'>fatum</span> <span class='ocrx_word' id='word_1_71' title='bbox 508 1400 629 1428; x_wconf 88' lang='lat' dir='ltr'>suum</span> <span class='ocrx_word' id='word_1_72' title='bbox 652 1385 870 1438; x_wconf 80' lang='lat' dir='ltr'>praevidit,</span> <span class='ocrx_word' id='word_1_73' title='bbox 887 1399 1031 1427; x_wconf 91' lang='lat' dir='ltr'>verum</span> <span class='ocrx_word' id='word_1_74' title='bbox 1047 1385 1176 1426; x_wconf 84' lang='lat' dir='ltr'>etiam</span> <span class='ocrx_word' id='word_1_75' title='bbox 1194 1384 1245 1427; x_wconf 88' lang='lat' dir='ltr'>de</span> <span class='ocrx_word' id='word_1_76' title='bbox 1263 1399 1310 1426; x_wconf 91' lang='lat' dir='ltr'>eo</span> <span class='ocrx_word' id='word_1_77' title='bbox 1326 1385 1589 1435; x_wconf 85' lang='lat' dir='ltr'>aliquatenus</span> <span class='ocrx_word' id='word_1_78' title='bbox 1605 1383 1780 1435; x_wconf 89' lang='lat' dir='ltr'>scripsit.</span> 
     </span>
     <span class='ocr_line' id='line_1_12' title="bbox 347 1455 1781 1509; baseline -0.002 -10"><span class='ocrx_word' id='word_1_79' title='bbox 347 1457 484 1500; x_wconf 88' lang='lat' dir='ltr'>Biduo</span> <span class='ocrx_word' id='word_1_80' title='bbox 527 1461 752 1508; x_wconf 85' lang='lat' dir='ltr'>antequam</span> <span class='ocrx_word' id='word_1_81' title='bbox 794 1457 981 1509; x_wconf 81' lang='lat' dir='ltr'>decessit,</span> <span class='ocrx_word' id='word_1_82' title='bbox 1023 1457 1268 1498; x_wconf 89' lang='lat' dir='ltr'>vicesimum</span> <span class='ocrx_word' id='word_1_83' title='bbox 1312 1455 1542 1498; x_wconf 87' lang='lat' dir='ltr'>secundum</span> <span class='ocrx_word' id='word_1_84' title='bbox 1572 1462 1781 1497; x_wconf 83' lang='lat' dir='ltr'>commen·</span> 
     </span>
     <span class='ocr_line' id='line_1_13' title="bbox 348 1525 1781 1580; baseline -0.003 -10"><span class='ocrx_word' id='word_1_85' title='bbox 348 1529 502 1570; x_wconf 77' lang='lat' dir='ltr'>tarium</span> <span class='ocrx_word' id='word_1_86' title='bbox 544 1528 735 1580; x_wconf 86' lang='lat' dir='ltr'>absolvit,</span> <span class='ocrx_word' id='word_1_87' title='bbox 776 1528 818 1570; x_wconf 92' lang='lat' dir='ltr'>in</span> <span class='ocrx_word' id='word_1_88' title='bbox 847 1541 928 1579; x_wconf 89' lang='lat' dir='ltr'>quo</span> <span class='ocrx_word' id='word_1_89' title='bbox 961 1527 1194 1569; x_wconf 83' lang='lat' dir='ltr'>Chaldaeos</span> <span class='ocrx_word' id='word_1_90' title='bbox 1221 1527 1298 1569; x_wconf 91' lang='lat' dir='ltr'>sibi</span> <span class='ocrx_word' id='word_1_91' title='bbox 1327 1527 1582 1579; x_wconf 80' lang='lat' dir='ltr'>praedixisse</span> <span class='ocrx_word' id='word_1_92' title='bbox 1610 1526 1680 1579; x_wconf 87' lang='lat' dir='ltr'>ait,</span> <span class='ocrx_word' id='word_1_93' title='bbox 1710 1525 1781 1567; x_wconf 86' lang='lat' dir='ltr'>ubi</span> 
     </span>
     <span class='ocr_line' id='line_1_14' title="bbox 349 1598 1782 1651; baseline -0.002 -10"><span class='ocrx_word' id='word_1_94' title='bbox 349 1600 561 1651; x_wconf 85' lang='lat' dir='ltr'>praeclare</span> <span class='ocrx_word' id='word_1_95' title='bbox 606 1599 778 1641; x_wconf 84' lang='lat' dir='ltr'>vixisset</span> <span class='ocrx_word' id='word_1_96' title='bbox 824 1599 865 1641; x_wconf 87' lang='lat' dir='ltr'>iu</span> <span class='ocrx_word' id='word_1_97' title='bbox 909 1600 1010 1640; x_wconf 90' lang='lat' dir='ltr'>flore</span> <span class='ocrx_word' id='word_1_98' title='bbox 1051 1599 1259 1640; x_wconf 80' lang='lat' dir='ltr'>felicitatis</span> <span class='ocrx_word' id='word_1_99' title='bbox 1301 1613 1389 1640; x_wconf 90' lang='lat' dir='ltr'>sese</span> <span class='ocrx_word' id='word_1_100' title='bbox 1429 1598 1640 1640; x_wconf 90' lang='lat' dir='ltr'>obiturum</span> <span class='ocrx_word' id='word_1_101' title='bbox 1681 1610 1782 1638; x_wconf 86' lang='lat' dir='ltr'>esse.</span> 
     </span>
     <span class='ocr_line' id='line_1_15' title="bbox 346 1668 1784 1722; baseline -0.002 -11"><span class='ocrx_word' id='word_1_102' title='bbox 346 1670 503 1711; x_wconf 85' lang='lat' dir='ltr'>Narrat</span> <span class='ocrx_word' id='word_1_103' title='bbox 542 1670 669 1712; x_wconf 84' lang='lat' dir='ltr'>etiam</span> <span class='ocrx_word' id='word_1_104' title='bbox 710 1670 917 1711; x_wconf 90' lang='lat' dir='ltr'>somnium</span> <span class='ocrx_word' id='word_1_105' title='bbox 958 1670 1183 1722; x_wconf 84' lang='lat' dir='ltr'>praeterita</span> <span class='ocrx_word' id='word_1_106' title='bbox 1229 1673 1348 1711; x_wconf 84' lang='lat' dir='ltr'>nocte</span> <span class='ocrx_word' id='word_1_107' title='bbox 1377 1669 1455 1711; x_wconf 90' lang='lat' dir='ltr'>sibi</span> <span class='ocrx_word' id='word_1_108' title='bbox 1483 1668 1684 1716; x_wconf 85' lang='lat' dir='ltr'>oblatum,</span> <span class='ocrx_word' id='word_1_109' title='bbox 1710 1681 1784 1719; x_wconf 86' lang='lat' dir='ltr'>per</span> 
     </span>
     <span class='ocr_line' id='line_1_16' title="bbox 347 1740 1784 1793; baseline -0.001 -11"><span class='ocrx_word' id='word_1_110' title='bbox 347 1740 457 1792; x_wconf 87' lang='lat' dir='ltr'>quod</span> <span class='ocrx_word' id='word_1_111' title='bbox 497 1741 671 1782; x_wconf 89' lang='lat' dir='ltr'>filiolum</span> <span class='ocrx_word' id='word_1_112' title='bbox 713 1740 750 1793; x_wconf 95' lang='lat'>1)</span> <span class='ocrx_word' id='word_1_113' title='bbox 814 1754 948 1793; x_wconf 87' lang='lat' dir='ltr'>suum,</span> <span class='ocrx_word' id='word_1_114' title='bbox 990 1741 1114 1792; x_wconf 85' lang='lat' dir='ltr'>paulo</span> <span class='ocrx_word' id='word_1_115' title='bbox 1157 1744 1254 1781; x_wconf 88' lang='lat' dir='ltr'>ante</span> <span class='ocrx_word' id='word_1_116' title='bbox 1297 1740 1510 1781; x_wconf 87' lang='lat' dir='ltr'>Metellam</span> <span class='ocrx_word' id='word_1_117' title='bbox 1557 1742 1784 1780; x_wconf 78' lang='lat' dir='ltr'>mortuum.</span> 
     </span>
     <span class='ocr_line' id='line_1_17' title="bbox 346 1808 1782 1864; baseline -0.002 -12"><span class='ocrx_word' id='word_1_118' title='bbox 346 1811 488 1853; x_wconf 90' lang='lat' dir='ltr'>videre</span> <span class='ocrx_word' id='word_1_119' title='bbox 517 1812 627 1853; x_wconf 90' lang='lat' dir='ltr'>visus</span> <span class='ocrx_word' id='word_1_120' title='bbox 657 1816 775 1864; x_wconf 86' lang='lat' dir='ltr'>esset,</span> <span class='ocrx_word' id='word_1_121' title='bbox 807 1812 1089 1863; x_wconf 84' lang='lat' dir='ltr'>appellantem</span> <span class='ocrx_word' id='word_1_122' title='bbox 1118 1825 1160 1852; x_wconf 88' lang='lat' dir='ltr'>se</span> <span class='ocrx_word' id='word_1_123' title='bbox 1189 1811 1490 1861; x_wconf 86' lang='lat' dir='ltr'>iubentumque</span> <span class='ocrx_word' id='word_1_124' title='bbox 1521 1810 1630 1852; x_wconf 82' lang='lat' dir='ltr'>curis</span> <span class='ocrx_word' id='word_1_125' title='bbox 1660 1808 1782 1850; x_wconf 87' lang='lat' dir='ltr'>omis-</span> 
     </span>
     <span class='ocr_line' id='line_1_18' title="bbox 345 1881 1784 1935; baseline -0.001 -11"><span class='ocrx_word' id='word_1_126' title='bbox 345 1884 400 1925; x_wconf 87' lang='lat' dir='ltr'>sis</span> <span class='ocrx_word' id='word_1_127' title='bbox 442 1883 504 1925; x_wconf 91' lang='lat' dir='ltr'>irc</span> <span class='ocrx_word' id='word_1_128' title='bbox 548 1897 687 1925; x_wconf 90' lang='lat' dir='ltr'>secum</span> <span class='ocrx_word' id='word_1_129' title='bbox 718 1883 770 1924; x_wconf 88' lang='lat' dir='ltr'>ad</span> <span class='ocrx_word' id='word_1_130' title='bbox 800 1887 991 1935; x_wconf 88' lang='lat' dir='ltr'>matrem,</span> <span class='ocrx_word' id='word_1_131' title='bbox 1020 1896 1200 1934; x_wconf 85' lang='lat' dir='ltr'>quacum</span> <span class='ocrx_word' id='word_1_132' title='bbox 1229 1883 1271 1924; x_wconf 91' lang='lat' dir='ltr'>in</span> <span class='ocrx_word' id='word_1_133' title='bbox 1300 1883 1439 1933; x_wconf 81' lang='lat' dir='ltr'>quiete</span> <span class='ocrx_word' id='word_1_134' title='bbox 1469 1887 1510 1923; x_wconf 89' lang='lat' dir='ltr'>et</span> <span class='ocrx_word' id='word_1_135' title='bbox 1539 1882 1624 1923; x_wconf 89' lang='lat' dir='ltr'>otio</span> <span class='ocrx_word' id='word_1_136' title='bbox 1655 1881 1784 1922; x_wconf 86' lang='lat' dir='ltr'>vitam</span> 
     </span>
     <span class='ocr_line' id='line_1_19' title="bbox 345 1952 1786 2006; baseline -0.002 -10"><span class='ocrx_word' id='word_1_137' title='bbox 345 1954 528 2006; x_wconf 84' lang='lat' dir='ltr'>degeret.</span> <span class='ocrx_word' id='word_1_138' title='bbox 559 1954 620 1996; x_wconf 81' lang='lat' dir='ltr'>Ut</span> <span class='ocrx_word' id='word_1_139' title='bbox 648 1954 793 1996; x_wconf 92' lang='lat' dir='ltr'>decem</span> <span class='ocrx_word' id='word_1_140' title='bbox 823 1954 970 1996; x_wconf 89' lang='lat' dir='ltr'>diebus</span> <span class='ocrx_word' id='word_1_141' title='bbox 1000 1958 1097 1996; x_wconf 89' lang='lat' dir='ltr'>ante</span> <span class='ocrx_word' id='word_1_142' title='bbox 1130 1954 1290 1996; x_wconf 84' lang='lat' dir='ltr'>exitum</span> <span class='ocrx_word' id='word_1_143' title='bbox 1321 1953 1564 1995; x_wconf 81' lang='lat' dir='ltr'>Puteolanis</span> <span class='ocrx_word' id='word_1_144' title='bbox 1595 1952 1786 1994; x_wconf 88' lang='lat' dir='ltr'>dissensi-</span> 
     </span>
     <span class='ocr_line' id='line_1_20' title="bbox 346 2023 1783 2078; baseline -0.002 -11"><span class='ocrx_word' id='word_1_145' title='bbox 346 2040 424 2067; x_wconf 92' lang='lat' dir='ltr'>one</span> <span class='ocrx_word' id='word_1_146' title='bbox 466 2026 694 2077; x_wconf 85' lang='lat' dir='ltr'>composita</span> <span class='ocrx_word' id='word_1_147' title='bbox 734 2026 848 2078; x_wconf 83' lang='lat' dir='ltr'>leges</span> <span class='ocrx_word' id='word_1_148' title='bbox 876 2026 1049 2078; x_wconf 87' lang='lat' dir='ltr'>scripsit,</span> <span class='ocrx_word' id='word_1_149' title='bbox 1079 2025 1305 2067; x_wconf 87' lang='lat' dir='ltr'>seeundum</span> <span class='ocrx_word' id='word_1_150' title='bbox 1335 2038 1437 2076; x_wconf 87' lang='lat' dir='ltr'>quas</span> <span class='ocrx_word' id='word_1_151' title='bbox 1478 2023 1783 2075; x_wconf 86' lang='lat' dir='ltr'>rempublicam</span> 
     </span>
     <span class='ocr_line' id='line_1_21' title="bbox 346 2094 1787 2149; baseline -0.001 -11"><span class='ocrx_word' id='word_1_152' title='bbox 346 2101 656 2149; x_wconf 85' lang='lat' dir='ltr'>temperarent;</span> <span class='ocrx_word' id='word_1_153' title='bbox 684 2098 743 2139; x_wconf 84' lang='lat' dir='ltr'>ita</span> <span class='ocrx_word' id='word_1_154' title='bbox 772 2097 906 2149; x_wconf 88' lang='lat' dir='ltr'>pridie</span> <span class='ocrx_word' id='word_1_155' title='bbox 936 2097 1079 2139; x_wconf 85' lang='lat' dir='ltr'>audito</span> <span class='ocrx_word' id='word_1_156' title='bbox 1110 2097 1315 2139; x_wconf 80' lang='lat' dir='ltr'>Granium</span> <span class='ocrx_word' id='word_1_157' title='bbox 1345 2111 1425 2138; x_wconf 89' lang='lat' dir='ltr'>non</span> <span class='ocrx_word' id='word_1_158' title='bbox 1440 2096 1658 2138; x_wconf 85' lang='lat' dir='ltr'>exsolvere</span> <span class='ocrx_word' id='word_1_159' title='bbox 1677 2094 1787 2146; x_wconf 84' lang='lat' dir='ltr'>quod</span> 
     </span>
     <span class='ocr_line' id='line_1_22' title="bbox 346 2154 1787 2220; baseline -0.002 -10"><span class='ocrx_word' id='word_1_160' title='bbox 346 2168 527 2210; x_wconf 86' lang='lat' dir='ltr'>debebat</span> <span class='ocrx_word' id='word_1_161' title='bbox 555 2172 814 2219; x_wconf 84' lang='lat' dir='ltr'>mortemque</span> <span class='ocrx_word' id='word_1_162' title='bbox 841 2183 960 2210; x_wconf 86' lang='lat' dir='ltr'>suam</span> <span class='ocrx_word' id='word_1_163' title='bbox 984 2172 1240 2220; x_wconf 81' lang='lat' dir='ltr'>exspectare,</span> <span class='ocrx_word' id='word_1_164' title='bbox 1255 2154 1468 2208; x_wconf 84' lang='lat' dir='ltr'>hominem</span> <span class='ocrx_word' id='word_1_165' title='bbox 1484 2167 1527 2208; x_wconf 91' lang='lat' dir='ltr'>in</span> <span class='ocrx_word' id='word_1_166' title='bbox 1547 2166 1787 2208; x_wconf 90' lang='lat' dir='ltr'>cubiculum</span> 
     </span>
     <span class='ocr_line' id='line_1_23' title="bbox 348 2237 1788 2290; baseline -0.003 -9"><span class='ocrx_word' id='word_1_167' title='bbox 348 2239 564 2281; x_wconf 86' lang='lat' dir='ltr'>arcessivit</span> <span class='ocrx_word' id='word_1_168' title='bbox 594 2246 635 2280; x_wconf 84' lang='lat' dir='ltr'>et</span> <span class='ocrx_word' id='word_1_169' title='bbox 661 2239 916 2290; x_wconf 85' lang='lat' dir='ltr'>strangulari</span> <span class='ocrx_word' id='word_1_170' title='bbox 946 2238 1076 2280; x_wconf 87' lang='lat' dir='ltr'>iussit.</span> <span class='ocrx_word' id='word_1_171' title='bbox 1114 2238 1308 2280; x_wconf 85' lang='lat' dir='ltr'>Clamore</span> <span class='ocrx_word' id='word_1_172' title='bbox 1362 2243 1403 2279; x_wconf 88' lang='lat' dir='ltr'>et</span> <span class='ocrx_word' id='word_1_173' title='bbox 1445 2237 1626 2287; x_wconf 81' lang='lat' dir='ltr'>eorporis</span> <span class='ocrx_word' id='word_1_174' title='bbox 1658 2237 1788 2278; x_wconf 83' lang='lat' dir='ltr'>iacta-</span> 
     </span>
     <span class='ocr_line' id='line_1_24' title="bbox 347 2306 1782 2360; baseline -0.003 -9"><span class='ocrx_word' id='word_1_175' title='bbox 347 2311 457 2351; x_wconf 91' lang='lat' dir='ltr'>tione</span> <span class='ocrx_word' id='word_1_176' title='bbox 498 2309 661 2351; x_wconf 83' lang='lat' dir='ltr'>vomica</span> <span class='ocrx_word' id='word_1_177' title='bbox 703 2313 827 2360; x_wconf 87' lang='lat' dir='ltr'>rupta</span> <span class='ocrx_word' id='word_1_178' title='bbox 869 2323 1067 2360; x_wconf 84' lang='lat' dir='ltr'>magnam</span> <span class='ocrx_word' id='word_1_179' title='bbox 1113 2308 1195 2350; x_wconf 89' lang='lat' dir='ltr'>vim</span> <span class='ocrx_word' id='word_1_180' title='bbox 1237 2308 1450 2359; x_wconf 82' lang='lat' dir='ltr'>sanguinis</span> <span class='ocrx_word' id='word_1_181' title='bbox 1478 2307 1626 2348; x_wconf 85' lang='lat' dir='ltr'>effudit</span> <span class='ocrx_word' id='word_1_182' title='bbox 1672 2306 1782 2348; x_wconf 89' lang='lat' dir='ltr'>unde</span> 
     </span>
     <span class='ocr_line' id='line_1_25' title="bbox 347 2378 1786 2428; baseline -0.002 -6"><span class='ocrx_word' id='word_1_183' title='bbox 347 2381 506 2422; x_wconf 88' lang='lat' dir='ltr'>viribus</span> <span class='ocrx_word' id='word_1_184' title='bbox 563 2380 775 2428; x_wconf 73' lang='lat' dir='ltr'>defectus,</span> <span class='ocrx_word' id='word_1_185' title='bbox 838 2385 959 2421; x_wconf 86' lang='lat' dir='ltr'>nocte</span> <span class='ocrx_word' id='word_1_186' title='bbox 1011 2379 1119 2420; x_wconf 92' lang='lat' dir='ltr'>inter</span> <span class='ocrx_word' id='word_1_187' title='bbox 1160 2378 1367 2421; x_wconf 85' lang='lat' dir='ltr'>cruciatus</span> <span class='ocrx_word' id='word_1_188' title='bbox 1411 2382 1562 2420; x_wconf 79' lang='lat' dir='ltr'>exacta</span> <span class='ocrx_word' id='word_1_189' title='bbox 1602 2378 1786 2419; x_wconf 83' lang='lat' dir='ltr'>animam</span> 
     </span>
    </p>
   </div>
   <div class='ocr_carea' id='block_1_5' title="bbox 353 2449 1109 2504">
    <p class='ocr_par' dir='ltr' id='par_1_5' title="bbox 353 2449 1109 2504">
     <span class='ocr_line' id='line_1_26' title="bbox 353 2449 1109 2504; baseline -0.003 -11"><span class='ocrx_word' id='word_1_190' title='bbox 353 2451 511 2493; x_wconf 82' lang='lat' dir='ltr'>efflavit</span> <span class='ocrx_word' id='word_1_191' title='bbox 539 2451 596 2504; x_wconf 84' lang='lat'>2).</span> <span class='ocrx_word' id='word_1_192' title='bbox 626 2450 712 2503; x_wconf 79' lang='lat'>(78)</span> <span class='ocrx_word' id='word_1_193' title='bbox 743 2450 811 2492; x_wconf 79' lang='lat' dir='ltr'>Ita</span> <span class='ocrx_word' id='word_1_194' title='bbox 839 2449 1109 2492; x_wconf 84' lang='lat' dir='ltr'>Plutarchus.</span> 
     </span>
    </p>
   </div>
   <div class='ocr_carea' id='block_1_6' title="bbox 348 2689 1788 2835">
    <p class='ocr_par' dir='ltr' id='par_1_6' title="bbox 348 2689 1788 2835">
     <span class='ocr_line' id='line_1_27' title="bbox 395 2689 1784 2739; baseline -0.003 -11"><span class='ocrx_word' id='word_1_195' title='bbox 395 2695 428 2738; x_wconf 88' lang='lat'>1)</span> <span class='ocrx_word' id='word_1_196' title='bbox 455 2692 530 2728; x_wconf 89' lang='lat' dir='ltr'>Hic</span> <span class='ocrx_word' id='word_1_197' title='bbox 556 2693 654 2728; x_wconf 84' lang='lat' dir='ltr'>alter</span> <span class='ocrx_word' id='word_1_198' title='bbox 678 2692 754 2727; x_wconf 87' lang='lat' dir='ltr'>fuit</span> <span class='ocrx_word' id='word_1_199' title='bbox 780 2691 895 2733; x_wconf 89' lang='lat' dir='ltr'>filius,</span> <span class='ocrx_word' id='word_1_200' title='bbox 922 2703 1039 2739; x_wconf 87' lang='lat' dir='ltr'>quem</span> <span class='ocrx_word' id='word_1_201' title='bbox 1064 2691 1174 2727; x_wconf 82' lang='lat' dir='ltr'>Sulla</span> <span class='ocrx_word' id='word_1_202' title='bbox 1200 2703 1220 2726; x_wconf 90' lang='lat' dir='ltr'>e</span> <span class='ocrx_word' id='word_1_203' title='bbox 1246 2690 1410 2726; x_wconf 85' lang='lat' dir='ltr'>Metella</span> <span class='ocrx_word' id='word_1_204' title='bbox 1435 2689 1586 2730; x_wconf 84' lang='lat' dir='ltr'>habuit,</span> <span class='ocrx_word' id='word_1_205' title='bbox 1612 2689 1784 2725; x_wconf 85' lang='lat' dir='ltr'>Faustus</span> 
     </span>
     <span class='ocr_line' id='line_1_28' title="bbox 348 2736 1788 2787; baseline -0.003 -11"><span class='ocrx_word' id='word_1_206' title='bbox 348 2741 448 2776; x_wconf 82' lang='lat' dir='ltr'>enim</span> <span class='ocrx_word' id='word_1_207' title='bbox 479 2741 581 2787; x_wconf 80' lang='lat' dir='ltr'>patri</span> <span class='ocrx_word' id='word_1_208' title='bbox 607 2743 801 2787; x_wconf 85' lang='lat' dir='ltr'>superstes</span> <span class='ocrx_word' id='word_1_209' title='bbox 826 2740 913 2776; x_wconf 83' lang='lat' dir='ltr'>fuit.</span> <span class='ocrx_word' id='word_1_210' title='bbox 940 2739 985 2775; x_wconf 88' lang='lat' dir='ltr'>cf.</span> <span class='ocrx_word' id='word_1_211' title='bbox 1013 2739 1119 2775; x_wconf 89' lang='lat' dir='ltr'>Plut.</span> <span class='ocrx_word' id='word_1_212' title='bbox 1146 2738 1280 2786; x_wconf 88' lang='lat' dir='ltr'>Pomp.</span> <span class='ocrx_word' id='word_1_213' title='bbox 1308 2739 1353 2774; x_wconf 81' lang='lat'>42</span> <span class='ocrx_word' id='word_1_214' title='bbox 1366 2737 1460 2774; x_wconf 86' lang='lat' dir='ltr'>Luc.</span> <span class='ocrx_word' id='word_1_215' title='bbox 1486 2740 1520 2773; x_wconf 80' lang='lat'>4.</span> <span class='ocrx_word' id='word_1_216' title='bbox 1546 2737 1647 2784; x_wconf 87' lang='lat' dir='ltr'>App.</span> <span class='ocrx_word' id='word_1_217' title='bbox 1674 2736 1721 2772; x_wconf 92' lang='grc' dir='ltr'>Β.</span> <span class='ocrx_word' id='word_1_218' title='bbox 1748 2736 1788 2773; x_wconf 83' lang='lat' dir='ltr'>O.</span> 
     </span>
     <span class='ocr_line' id='line_1_29' title="bbox 352 2787 1016 2835; baseline -0.002 -12"><span class='ocrx_word' id='word_1_219' title='bbox 352 2790 431 2824; x_wconf 86' lang='lat'>106.</span> <span class='ocrx_word' id='word_1_220' title='bbox 459 2788 592 2834; x_wconf 88' lang='lat' dir='ltr'>Comp.</span> <span class='ocrx_word' id='word_1_221' title='bbox 618 2788 732 2835; x_wconf 82' lang='lat' dir='ltr'>Ages.</span> <span class='ocrx_word' id='word_1_222' title='bbox 759 2790 797 2823; x_wconf 85' lang='lat' dir='ltr'>et</span> <span class='ocrx_word' id='word_1_223' title='bbox 821 2787 957 2834; x_wconf 89' lang='lat' dir='ltr'>Pomp.</span> <span class='ocrx_word' id='word_1_224' title='bbox 983 2787 1016 2822; x_wconf 87' lang='grc' dir='ltr'>Ι.</span> 
     </span>
    </p>
   </div>
   <div class='ocr_carea' id='block_1_7' title="bbox 348 2848 1790 2949">
    <p class='ocr_par' dir='ltr' id='par_1_7' title="bbox 348 2848 1790 2949">
     <span class='ocr_line' id='line_1_30' title="bbox 397 2848 1790 2898; baseline -0.003 -10"><span class='ocrx_word' id='word_1_225' title='bbox 397 2854 431 2898; x_wconf 87' lang='grc'>2)</span> <span class='ocrx_word' id='word_1_226' title='bbox 458 2852 679 2888; x_wconf 87' lang='lat' dir='ltr'>Secundum</span> <span class='ocrx_word' id='word_1_227' title='bbox 705 2853 807 2898; x_wconf 85' lang='lat' dir='ltr'>App.</span> <span class='ocrx_word' id='word_1_228' title='bbox 833 2851 874 2887; x_wconf 89' lang='lat' dir='ltr'>in</span> <span class='ocrx_word' id='word_1_229' title='bbox 899 2864 990 2898; x_wconf 82' lang='lat' dir='ltr'>agro</span> <span class='ocrx_word' id='word_1_230' title='bbox 1017 2851 1228 2887; x_wconf 82' lang='lat' dir='ltr'>decumano</span> <span class='ocrx_word' id='word_1_231' title='bbox 1254 2849 1358 2885; x_wconf 85' lang='lat' dir='ltr'>obiit.</span> <span class='ocrx_word' id='word_1_232' title='bbox 1387 2849 1432 2895; x_wconf 89' lang='grc' dir='ltr'>(Ι.</span> <span class='ocrx_word' id='word_1_233' title='bbox 1459 2849 1555 2894; x_wconf 82' lang='lat'>104).</span> <span class='ocrx_word' id='word_1_234' title='bbox 1604 2849 1721 2885; x_wconf 85' lang='lat' dir='ltr'>Auct.</span> <span class='ocrx_word' id='word_1_235' title='bbox 1742 2848 1790 2884; x_wconf 89' lang='lat' dir='ltr'>de</span> 
     </span>
     <span class='ocr_line' id='line_1_31' title="bbox 348 2896 1739 2949; baseline -0.003 -13"><span class='ocrx_word' id='word_1_236' title='bbox 348 2900 395 2937; x_wconf 93' lang='lat' dir='ltr'>V.</span> <span class='ocrx_word' id='word_1_237' title='bbox 421 2900 452 2938; x_wconf 87' lang='grc' dir='ltr'>Ι.</span> <span class='ocrx_word' id='word_1_238' title='bbox 478 2900 595 2936; x_wconf 85' lang='lat' dir='ltr'>refert</span> <span class='ocrx_word' id='word_1_239' title='bbox 621 2912 708 2938; x_wconf 87' lang='lat' dir='ltr'>eum</span> <span class='ocrx_word' id='word_1_240' title='bbox 731 2899 931 2949; x_wconf 83' lang='lat' dir='ltr'>republica</span> <span class='ocrx_word' id='word_1_241' title='bbox 955 2899 1131 2939; x_wconf 80' lang='lat' dir='ltr'>ordinata</span> <span class='ocrx_word' id='word_1_242' title='bbox 1155 2897 1340 2936; x_wconf 83' lang='lat' dir='ltr'>Puteolos</span> <span class='ocrx_word' id='word_1_243' title='bbox 1366 2896 1595 2937; x_wconf 86' lang='lat' dir='ltr'>concessisse</span> <span class='ocrx_word' id='word_1_244' title='bbox 1621 2909 1651 2932; x_wconf 91' lang='lat' dir='ltr'>c.</span> <span class='ocrx_word' id='word_1_245' title='bbox 1678 2897 1739 2937; x_wconf 81' lang='lat'>75.</span> 
     </span>
    </p>
   </div>
  </div>
 </body>
</html>
