1988 3366
1042 317 1095 368 84

346 503 561 561 „refugere
592 508 737 561 solent,
769 512 880 551 esset
907 509 1072 552 exeisa''
1098 510 1146 562 1).
1178 510 1311 554 81111111
1326 525 1420 553 011111
1435 511 1529 554 luce
1543 513 1788 558 nobilissimi

344 579 518 620 iuvenes
543 579 744 621 adversus
771 594 868 622 eum
896 581 1001 622 vecti
1033 581 1266 633 complures
1296 582 1536 625 ceciderunt
1566 584 1676 627 inter
1687 599 1791 638 quos

347 650 511 702 Appius
559 650 774 703 Claudius,
819 651 882 693 vir
925 652 1098 703 insignis
1141 657 1183 693 et
1229 653 1392 704 probus.
1450 654 1605 697 Urbem
1642 656 1791 709 ingens

342 721 563 773 trepidatio
606 723 839 764 invaserat:
884 723 1068 765 tumultu
1097 727 1138 765 et
1166 724 1391 766 mulierum
1414 725 1672 768 ,clamoribus
1698 741 1790 779 per-

343 792 529 845 sonabat,
573 792 670 834 hinc
711 792 807 834 inde
850 793 1173 846 discut-rebatur,
1217 796 1335 846 quasi
1380 795 1518 838 hostes
1566 797 1650 839 iam
1678 798 1792 841 intra

343 863 509 905 moenia
537 863 742 905 adessent.
799 863 916 906 Sulla
939 868 1080 906 autem
1112 879 1286 917 propere
1313 866 1474 917 equites
1496 868 1781 920 praemiserat,

343 934 415 984 qui
459 934 639 975 hostium
684 948 835 985 agmen
878 939 1152 976 morarentur.
1210 936 1378 978 Primus
1407 937 1461 979 ab
1491 926 1539 979 eo
1567 952 1663 981 cum
1692 953 1782 991 sep·

344 1005 545 1055 tingentis
589 1005 799 1056 equitibus
840 1010 1082 1056 conspectus
1116 1011 1177 1048 est
1207 1007 1376 1060 Balbus,
1407 1008 1480 1059 qui
1509 1013 1625 1052 tanto
1649 1010 1784 1062 spatio

344 1075 591 1126 intermisso,
634 1080 682 1117 ut
724 1075 850 1119 sudor
885 1089 1086 1127 equorum
1115 1077 1352 1130 siccaretur,
1383 1079 1525 1120 statim
1552 1079 1603 1122 iis
1630 1080 1783 1122 iterum

344 1146 563 1187 infrenatis
591 1146 644 1187 ad
675 1146 815 1188 hostes
845 1146 1074 1199 carpendos
1089 1149 1305 1199 procurrit.
1364 1149 1539 1191 Interim
1555 1150 1671 1192 Sulla
1688 1165 1784 1193 cum

347 1217 541 1258 omnibus
581 1218 710 1269 copiis
750 1218 860 1260 circa
898 1218 1116 1260 meridiem
1157 1220 1409 1270 supervenit.
1439 1220 1481 1273 2)
1537 1208 1786 1264 Castrisad

348 1288 526 1329 Veneris
568 1288 772 1340 templum
815 1289 970 1341 positis,
1011 1289 1080 1340 qui
1123 1290 1246 1341 primi
1279 1290 1537 1333 advenerant
1563 1292 1785 1344 prandium

346 1372 509 1400 sumere
551 1359 683 1411 iussit,
724 1358 874 1403 deinde
914 1360 1047 1402 aciem
1091 1360 1302 1403 instruxit.
1360 1362 1580 1404 Dolabella
1607 1367 1650 1405 et
1678 1363 1783 1405 Tor-

345 1432 496 1479 quatus
529 1428 656 1480 legati
687 1429 808 1471 multi
836 1434 956 1472 erant
983 1430 1026 1473 in
1053 1431 1224 1478 orando,
1257 1446 1309 1473 ne
1338 1432 1499 1479 lassatis
1527 1433 1676 1481 itinere
1709 1435 1787 1477 mi-

350 1499 495 1540 litibus
525 1504 763 1541 extremum
805 1500 1036 1552 periculum
1080 1501 1258 1544 subiret:
1302 1503 1379 1554 ipsi
1421 1504 1532 1545 enim
1573 1518 1656 1546 non
1684 1519 1781 1548 011111

349 1569 542 1612 Carbone
571 1575 613 1611 et
640 1570 788 1617 Mario,
818 1571 890 1612 sed
917 1585 1012 1613 eum
1043 1571 1299 1614 Samnitibus
1333 1578 1374 1615 et
1401 1574 1599 1624 Lucanis,
1627 1575 1790 1627 populis

348 1641 674 1683 bellicosissimis
714 1646 756 1683 et
797 1642 955 1685 nomini
996 1642 1187 1684 Romano
1229 1644 1515 1699 infestissimis,
1557 1659 1647 1687 rem
1687 1639 1788 1688 esse.

349 1711 431 1753 Sed
477 1726 546 1754 eos
589 1727 671 1753 non
715 1712 878 1754 audivit
919 1717 963 1755 et
989 1713 1107 1764 signo
1137 1713 1235 1756 dato
1265 1715 1376 1756 cirea
1405 1715 1611 1758 decimam
1641 1715 1791 1758 horam

352 1783 421 1824 vel
463 1797 618 1824 nonam
657 1784 699 1835 3)
745 1784 950 1835 proelium
979 1784 1197 1827 commisit.
1253 1785 1396 1837 Atque
1424 1786 1622 1834 dextrum
1649 1801 1790 1833 cornu,

350 1854 416 1894 eui
460 1853 633 1894 Crassus
674 1859 878 1904 praeerat,
916 1855 1173 1905 praeclaram
1203 1857 1432 1907 reportavit
1461 1857 1690 1905 victoriam,
1718 1857 1790 1909 qui

353 1924 489 1965 hostes
523 1924 783 1967 Antemnam
815 1938 944 1975 usque
972 1925 1183 1967 insecutus
1211 1932 1285 1968 est.
1341 1926 1516 1969 Sinistro
1546 1941 1645 1970 vero
1660 1942 1790 1970 cornu

350 1994 559 2036 laboranti
576 1999 617 2036 et
633 1995 830 2036 inclinato
845 1995 962 2038 Sulla
978 2009 1083 2046 equo
1097 1996 1192 2038 albo
1208 2001 1249 2038 et
1266 1997 1420 2048 pernici
1435 1998 1617 2040 insidens
1630 1999 1789 2043 auxilio

353 2066 480 2107 venit.
541 2065 642 2106 [nde
671 2079 766 2107 eum
797 2066 987 2116 agnitum
1016 2066 1097 2108 duo
1127 2080 1182 2108 ex
1210 2066 1397 2109 hostibus
1424 2068 1554 2110 hastis
1579 2069 1788 2121 petebant.

353 2135 449 2187 Ipse
477 2135 708 2186 periculum
737 2149 818 2176 non
847 2136 1041 2187 advertit,
1064 2136 1136 2177 sed
1151 2150 1256 2187 equo
1272 2137 1325 2179 ab
1346 2138 1540 2189 equisone
1569 2139 1789 2184 verberato

354 2207 554 2248 haetenus
584 2206 857 2257 praeterlatus
885 2211 958 2257 est,
986 2212 1034 2249 ut
1061 2207 1287 2249 secundum
1317 2208 1495 2250 caudam
1523 2210 1620 2261 equi
1644 2209 1790 2256 hastae

355 2277 478 2321 simul
506 2277 699 2329 delapsae
727 2277 768 2318 in
798 2282 909 2319 terra
938 2277 1230 2328 defigerent-ur.
1286 2279 1404 2321 Tunc
1433 2279 1585 2322 dicitur
1612 2295 1788 2323 aureum

356 2348 564 2400 quoddam
606 2348 814 2399 Apllinis
855 2348 1048 2401 sigillum,
1093 2363 1115 2390 e
1144 2350 1298 2401 templo
1328 2350 1533 2402 Delphico
1562 2351 1789 2405 sublatum,

356 2419 467 2470 quod
495 2433 569 2470 per
598 2433 758 2470 pugnas
786 2418 829 2459 in
859 2410 953 2459 sinu'
980 2420 1309 2472 circumferebat,
1339 2421 1547 2463 osculatus
1560 2436 1648 2464 esse
1663 2426 1789 2473 atque

356 2491 417 2532 ita
446 2489 617 2530 dixisse:
652 2488 712 2541 „O
742 2488 896 2540 Pythie
926 2489 1088 2541 Apollo,
1118 2490 1335 2532 felicemne
1354 2491 1595 2534 Cornelium
1615 2492 1789 2550 Sullam,

361 2574 508 2614 „quem
530 2574 584 2602 ex
611 2560 739 2601 tantis
767 2560 934 2612 proeliis
962 2574 1161 2612 magnum
1189 2566 1230 2603 et
1258 2562 1463 2614 insignem
1493 2563 1687 2617 eduxisti,
1704 2564 1788 2611 iam

410 2743 445 2787 1)
475 2739 572 2776 Vell.
597 2739 682 2775 Pat.
708 2739 763 2775 II.
788 2740 845 2776 27.

409 2807 445 2851 2)
471 2805 569 2851 App.
595 2803 639 2839 Β.
667 2804 708 2841 O.
734 2807 766 2840 1.
792 2806 849 2840 93.

411 2871 446 2915 3)
473 2869 536 2904 Or.
563 2868 588 2903 l.
615 2868 639 2903 l.
666 2868 766 2915 App.
794 2869 818 2905 1.
846 2870 871 2905 l.
897 2870 1012 2907 habeb
1037 2875 1114 2925 περὶ
1142 2872 1256 2913 δείλην
1286 2873 1445 2926 ἑσπέραν.
