1988 3366
863 311 915 356 21

179 517 181 519 ·
219 494 379 540 Omnes
418 496 685 540 consentiunt
725 485 887 540 Sullam
931 497 976 540 in
1006 496 1086 541 hac
1112 495 1380 551 expeditione
1408 496 1603 540 bellicam

167 565 338 613 budam
366 566 447 611 sibi
474 567 697 621 peperisse.
752 567 860 611 Cum
888 567 1000 611 haud
1028 582 1201 622 magnas
1213 569 1352 622 copias
1364 568 1605 623 adduceret,

166 636 373 682 ”dorum
416 651 543 691 opera
577 652 688 685 usus.
716 637 1009 691 Cappadocum
1037 639 1271 682 exercitum
1299 640 1605 692 Armeniosque

166 707 361 753 -eroede
403 708 621 751 arcessitos
648 709 886 762 profligavit
913 714 955 752 et
980 709 1112 752 eiecto
1138 709 1310 761 Gordiu,
1337 710 1404 753 cui
1435 710 1600 753 Mithri-

167 776 300 830 &aa
339 778 382 821 id
424 779 623 832 temporis
665 779 876 823 fortunam
916 779 1016 822 belli
1057 780 1239 823 nondum
1276 786 1439 825 tentare
1465 796 1603 835 ausus,

165 850 379 904 suppetias
405 864 488 894 non
518 851 647 900 venit,
675 850 1004 894 Ariobarzanem
1034 865 1176 905 regem
1203 852 1428 905 constituit,
1453 851 1604 895 deinde

166 921 403 967 exercitum
446 935 579 974 usque
621 921 676 964 ad
717 921 946 975 Euphratis
986 922 1097 975 ripas
1140 922 1350 975 perduxit.
1394 923 1434 975 l)
1489 922 1601 966 Eum

165 991 228 1037 ibi
279 997 517 1036 versantem
563 994 759 1036 convenit
807 993 991 1036 Parthus
1029 993 1257 1047 Orobazus,
1294 994 1403 1047 rogis
1432 995 1601 1038 Arsacis

165 1062 342 1118 legatus.
396 1064 506 1108 Cum
546 1070 671 1108 antea
711 1064 875 1108 nullum
903 1065 1012 1108 inter
1041 1069 1263 1117 utramque
1293 1070 1462 1118 gentem
1489 1079 1601 1108 com-

112 1147 117 1150 '
167 1135 371 1179 merchm
410 1135 702 1186 intercesserit,
741 1150 920 1189 magnae
951 1135 1144 1178 fortunae
1171 1134 1362 1188 habetur,
1388 1135 1500 1188 quod
1527 1136 1600 1188 qui

165 1205 292 1260 primi
330 1220 359 1248 a
385 1205 554 1249 Parthis
582 1206 710 1259 legati
740 1205 794 1248 ad
823 1206 1035 1248 Romanos
1061 1211 1158 1248 sunt
1185 1206 1296 1249 missi
1325 1221 1469 1259 pacem
1496 1206 1601 1249 ami·

164 1275 391 1330 eitiamque
432 1277 624 1330 petitum,
662 1277 706 1329 2)
748 1276 803 1319 ad
842 1291 940 1319 eum
968 1277 1226 1330 potissimum
1259 1277 1461 1320 venerint.
1518 1276 1601 1320 Hic

165 1349 254 1391 hes
277 1346 399 1390 sedes
425 1347 611 1400 posuisse
638 1347 945 1396 dicitur‚unam
974 1346 1264 1400 Ariobarzani,
1290 1347 1469 1391 alteram
1496 1346 1600 1390 Oro·

164 1416 285 1468 bato,
334 1418 503 1460 tertiam
550 1417 629 1460 sibi
676 1417 918 1470 mediusque
962 1418 1156 1461 adsidens
1202 1432 1299 1461 cum
1354 1418 1415 1460 eis
1454 1418 1600 1470 egisse.

165 1487 306 1539 Quam
347 1487 403 1531 ob
429 1503 519 1531 rem
555 1493 699 1542 postea
726 1503 803 1532 rex
831 1488 1083 1531 Parthorum
1113 1488 1350 1531 Orobazum
1379 1489 1599 1531 interfecit.

165 1558 397 1603 Memoriae
438 1559 649 1613 proditum
689 1565 752 1603 est
794 1559 1053 1603 Chaldaeum
1085 1559 1308 1612 quemdam
1336 1574 1392 1603 ex
1420 1559 1599 1603 Orobazi

165 1631 368 1675 comitatu
397 1630 540 1674 Sullae
567 1631 686 1674 vultu
714 1630 985 1678 considerato.
999 1630 1126 1673 animi
1141 1631 1404 1684 corporisque
1417 1631 1599 1674 motibus

165 1701 278 1746 haud
306 1702 576 1755 defunctorie,
606 1702 679 1745 sed
706 1702 759 1745 nd
788 1702 890 1745 ariis
918 1707 1139 1755 praecepta
1168 1702 1398 1745 observatis
1417 1716 1597 1755 pronun-

165 1774 298 1817 eiaoee
324 1772 437 1816 hunc
465 1774 606 1816 virum
634 1774 779 1825 ulique
807 1773 1039 1815 maximum
1069 1772 1247 1816 evadere
1276 1779 1319 1815 et
1345 1786 1434 1815 sese
1456 1773 1597 1815 mirari

164 1843 277 1897 quod
305 1858 416 1887 nunc
442 1858 523 1887 non
554 1844 740 1887 omnium
770 1844 927 1896 primus
954 1858 1043 1886 esse
1073 1843 1187 1887 velit.
1214 1843 1454 1887 Secundum
1487 1843 1595 1886 Vell.

166 1914 228 1959 11.
275 1917 341 1968 28,
368 1915 438 1967 qui
468 1915 596 1958 etiam
624 1914 749 1958 huius
776 1915 995 1967 legationis
1022 1920 1064 1957 et
1093 1914 1279 1957 vaticinii
1308 1915 1511 1968 meminit,
1537 1929 1593 1958 ex

166 1986 275 2029 notis
307 1986 491 2039 eorporis
519 1985 821 2039 responderunt
847 1986 1068 2028 coelestem
1097 1986 1187 2028 eius
1216 1986 1343 2028 vitam
1371 1992 1414 2028 et
1441 2000 1596 2028 memo·

165 2052 273 2101 ria'm
300 2056 499 2099 futuram.
555 2056 659 2106 Quis
679 2062 821 2099 autem
848 2055 927 2100 hoc
950 2056 1175 2099 memoriae
1190 2055 1416 2109 prodiderit
1431 2070 1595 2108 quoqne

165 2126 350 2180 oonsilio,
377 2126 422 2169 in
449 2126 592 2169 oculos
618 2126 809 2169 incurrit.

218 2197 331 2242 Eum
357 2197 400 2240 in
429 2197 576 2240 urbem
603 2211 815 2241 reversum
845 2196 1169 2251 repetundarum
1199 2197 1423 2250 postulavit
1441 2196 1594 2240 Censo-

164 2269 294 2324 rinus,
335 2268 446 2321 quod
487 2268 621 2311 invita
649 2268 741 2321 lege
768 2282 821 2311 ex
848 2269 983 2310 amieo
1010 2273 1054 2310 et
1079 2268 1189 2311 socio
1216 2282 1345 2321 regno
1373 2268 1592 2321 pecuniam

163 2340 401 2393 accepisset:
429 2339 501 2382 ille
527 2344 669 2383 antem
698 2353 779 2381 non
807 2338 860 2381 ad
880 2337 1077 2381 iudicium
1103 2338 1216 2381 venit
1231 2345 1273 2382 et
1287 2339 1591 2381 accusationem

165 2410 317 2454 omisit.

218 2479 323 2531 Quis
361 2480 488 2524 suerit
525 2480 778 2524 Censorinus
817 2480 870 2523 du
898 2495 980 2537 quo
1010 2479 1271 2531 Plutarchus,
1302 2494 1382 2523 non
1410 2487 1591 2524 constat:

164 2551 428 2607 suspicantur
467 2566 565 2595 eum
605 2566 695 2595 esse
737 2552 785 2595 L.
816 2552 872 2595 M.
901 2552 1187 2603 Censorinum,
1223 2565 1347 2604 quem
1375 2551 1521 2595 Cicero
1548 2554 1591 2606 3)

214 2747 249 2792 l)
271 2744 377 2783 Just.
402 2744 642 2782 XXXVIII.
668 2746 703 2783 2.
727 2746 760 2781 ³.
788 2744 870 2782 Liv.
900 2744 967 2794 Ep.
994 2746 1049 2782 70.
1077 2745 1174 2795 App.
1202 2743 1244 2789 Β,
1274 2744 1327 2784 Μ.
1356 2747 1409 2786 10.

212 2811 250 2857 2)
275 2809 358 2847 Liv.
384 2809 408 2847 l.
434 2809 459 2847 l.

213 2876 250 2925 8)
275 2874 408 2914 Cicero
431 2873 543 2912 Brut.
567 2874 625 2916 6⁷.
