1988 3366
1084 312 1134 361 18

390 509 464 557 est,
501 502 568 545 hic
610 517 662 544 ne
692 502 865 545 verbum
896 502 1084 554 quidem:
1115 502 1277 555 copiose
1304 516 1397 544 eam
1427 502 1622 545 describit
1650 517 1739 555 cap.
1767 504 1819 544 25

389 579 431 616 et
466 576 517 616 26
560 574 645 616 Vit.
688 574 793 616 Mar.
849 574 1029 616 Romani
1076 574 1135 615 ita
1175 574 1313 625 copias
1339 574 1636 627 instruxerant,
1664 578 1712 615 ut
1739 572 1818 615 Ca-

388 647 500 687 tulus
540 646 722 688 mediam
767 646 900 688 aciem
943 646 1159 699 obtineret,
1207 645 1330 687 Marii
1369 645 1523 686 milites
1567 646 1611 687 in
1641 650 1818 696 utroque

387 731 515 758 cornu
569 717 753 769 dispositi
799 720 946 768 essent,
975 717 1091 758 cuius
1134 717 1193 757 rei
1242 716 1359 758 Sulla
1400 717 1499 768 ipse,
1547 719 1619 768 qui
1653 717 1812 769 proelio

387 787 588 840 interfuit,
631 792 775 830 auctor
815 791 877 828 est
921 787 1114 839 idemque
1142 787 1322 828 affirmat
1361 787 1543 829 Marium
1571 801 1620 829 eo
1647 788 1815 829 consilio

386 859 617 900 exercitum
645 859 704 900 ita
731 859 986 911 instruxisse,
1016 863 1061 900 ut
1089 858 1286 900 victoriae
1314 859 1446 910 gloria
1475 858 1518 900 in
1547 873 1591 900 se
1618 863 1743 910 atque
1771 860 1815 902 in

385 944 478 971 suos
508 930 710 981 imprimis
737 929 1002 971 redundaret.
1050 928 1157 970 Cum
1186 929 1296 970 enim
1324 928 1464 971 hostes
1490 931 1664 971 numero
1692 930 1814 983 longe

384 1004 639 1052 superarent,
670 1000 757 1042 veri
793 1000 926 1041 simile
960 1004 1050 1041 erat
1077 1013 1147 1041 eos
1175 999 1218 1041 id
1246 1004 1422 1053 acturos,
1451 1004 1498 1042 ut
1525 1000 1813 1043 Romanorum

384 1071 516 1112 aciem
545 1071 907 1123 circumvenirent,
935 1070 995 1111 ita
1023 1070 1130 1112 utin
1147 1071 1338 1112 cornibus
1352 1071 1592 1122 praesertim
1610 1071 1812 1123 proelium

384 1143 713 1184 committeretur
757 1142 863 1195 „Sed
891 1142 1026 1193 potius
1053 1142 1247 1183 laudetur
1274 1142 1424 1183 summi
1454 1142 1568 1184 ducis
1596 1143 1812 1184 consilium

386 1218 535 1266 „atque
576 1213 810 1266 prudentia,
852 1213 923 1264 qui
963 1213 1246 1264 ignavior-ibus
1288 1212 1426 1255 Catuli
1457 1213 1595 1266 copiis,
1621 1227 1728 1265 quae
1757 1214 1811 1256 ad

386 1278 601 1337 „Athesim
631 1284 807 1335 turpiter
827 1284 954 1334 tergis
970 1283 1077 1325 datis
1090 1284 1210 1335 signa
1225 1283 1511 1336 deseruissent,
1527 1299 1621 1326 suas
1634 1285 1810 1327 invictas

385 1355 732 1407 „fortissimasque
760 1354 943 1405 legiones
972 1354 1242 1406 praetulerit’'
1275 1354 1327 1406 1).
1383 1354 1464 1396 Illa
1490 1355 1618 1406 igitur
1644 1355 1811 1398 invidis-

380 1426 529 1466 simum
561 1424 882 1466 obtrectatorem
911 1424 1110 1466 redolent.
1435 1416 1437 1418 V

432 1496 594 1538 Eodem
622 1496 802 1547 pertinet
829 1496 939 1547 quod
969 1511 1057 1548 cap.
1087 1498 1138 1538 25
1167 1496 1253 1537 Vit.
1282 1496 1387 1538 Mar.
1409 1496 1604 1548 legimus:
1625 1497 1808 1540 Marium

378 1567 534 1618 proelio
564 1581 645 1607 non
674 1567 920 1615 interfuisse,
951 1566 1023 1608 sed
1051 1566 1231 1608 hostium
1247 1567 1445 1618 adspectu
1460 1582 1613 1619 magna
1626 1569 1809 1620 pulveris

377 1638 420 1679 vi
447 1637 613 1679 ademto
637 1638 691 1679 ab
721 1637 906 1679 hostibus
933 1638 1145 1679 aberrasse
1173 1637 1326 1689 diuque
1354 1638 1397 1679 in
1425 1639 1581 1690 campis
1595 1642 1805 1690 vagatum.

379 1707 553 1749 Catulus
594 1708 749 1749 scilicet
792 1708 928 1749 hostes
969 1708 1196 1759 superavit!
1253 1708 1336 1757 Qui
1377 1723 1471 1750 cum
1514 1709 1575 1750 rei
1615 1710 1807 1751 militaris

377 1778 594 1829 imperitus
635 1782 754 1829 esset,
796 1779 936 1819 omnia
977 1778 1131 1830 Sullae,
1175 1778 1252 1820 sub
1293 1792 1336 1820 se
1379 1779 1566 1832 merenti,
1609 1779 1804 1822 debebat!

380 1848 454 1901 „In
483 1848 547 1889 his
561 1849 660 1899 quid
677 1849 809 1899 magis
831 1849 1031 1890 miremur
1046 1848 1186 1890 Sullae
1201 1848 1502 1900 impudentiam
1518 1863 1571 1891 an
1586 1849 1804 1892 Plutarchi

379 1920 707 1973 „credulitatem‚
733 1920 899 1961 difficile
928 1919 1040 1961 dictu
1070 1920 1169 1961 est.'’
1200 1919 1240 1971 2)

429 1991 494 2032 De
540 1991 657 2032 Sulla
700 1990 796 2032 inde
842 2005 868 2032 a
913 1991 1021 2032 bello
1068 1990 1276 2032 Cimbrico
1316 2004 1447 2042 usque
1487 1990 1541 2032 ad
1583 1995 1801 2043 praeturae

374 2061 616 2113 petitionem
644 2066 834 2103 auctores
863 2061 922 2102 nil
949 2061 1068 2102 nobis
1096 2061 1278 2102 tradunt.
1324 2061 1572 2103 Coniectura
1588 2061 1801 2113 probabile

373 2136 435 2173 est
469 2146 566 2173 eum
589 2132 748 2173 Romae
777 2132 930 2173 vixisse
960 2132 1025 2173 vel
1052 2131 1214 2173 libidini
1245 2132 1311 2173 vel
1339 2132 1465 2173 etiam
1494 2132 1651 2184 studiis,
1683 2147 1800 2184 prae-

374 2203 515 2243 sertim
558 2203 640 2243 iuri
681 2202 846 2254 publico
888 2202 1088 2243 deditum.
1143 2203 1253 2244 Nam
1291 2202 1416 2254 leges,
1444 2202 1594 2253 quibus
1623 2202 1800 2244 dictator

372 2273 672 2324 rempublicam
718 2273 945 2325 constituit,
976 2273 1154 2324 probant
1199 2287 1295 2314 eum
1338 2272 1459 2314 huius
1486 2273 1546 2314 rei
1574 2272 1797 2314 admodum

372 2344 552 2395 peritum
580 2343 717 2385 fuisse.
746 2343 832 2385 Ubi
847 2348 989 2385 autem
1003 2344 1156 2384 iterum
1172 2357 1214 2384 se
1229 2343 1281 2384 ad
1297 2343 1596 2394 rempublicam
1610 2343 1797 2397 contulit,

371 2414 517 2455 studiis
547 2428 716 2466 operam
746 2414 844 2456 dare
873 2414 911 2456 ei
941 2428 1022 2456 non
1054 2414 1240 2456 vacabat.

418 2818 452 2860 1)
479 2816 574 2851 Smin
599 2829 633 2862 p.
661 2817 716 2852 76.

414 2882 449 2925 2)
476 2881 574 2916 lbid.
601 2882 656 2916 79.
