1988 3366
859 316 907 366 19

745 506 943 552 CAPUT
970 508 1026 552 V.

213 679 334 734 Sulla
371 704 461 734 sese
501 690 554 735 de
591 691 746 746 populo
785 692 978 735 Romano
1019 693 1080 736 ita
1105 693 1216 737 bello
1242 694 1440 738 meritum
1466 698 1596 749 ratus,

138 763 213 805 ,1ιέ
249 760 478 806 honoribus
518 761 670 816 diguus
694 763 921 817 videretur,
949 778 992 806 se
1019 764 1073 807 ad
1099 765 1299 818 populum
1326 765 1595 809 ambiendum

161 831 353 877 traduxit
394 837 437 877 et
489 833 704 877 aedilitate
747 836 989 878 transmissa
1043 840 1283 889 praeturam
1327 836 1486 890 petivit,
1523 835 1596 879 sed

161 916 235 958 spe
273 903 403 948 falsus
441 908 517 948 est.
572 904 711 959 Igitur
751 906 795 949 in
822 920 872 949 eo
900 921 1059 960 eampo,
1088 908 1207 951 euius
1233 911 1378 961 postea
1404 907 1597 951 dominus

150 974 337 1027 ¹exstitit,
377 976 544 1029 repulsa
582 981 804 1029 praeturae
843 978 1064 1031 sugillatus
1102 983 1177 1021 est.
1207 979 1248 1032 1)
1303 978 1430 1022 Errat
1455 983 1593 1023 autem

160 1043 432 1096 Plutarchus,
469 1061 497 1090 a
536 1060 619 1099 quo
654 1048 797 1091 statim
825 1062 848 1090 e
876 1048 986 1092 bello
1009 1063 1199 1092 reversus
1224 1054 1465 1103 praeturam
1492 1050 1597 1103 peti-

110 1171 118 1178 (
160 1116 271 1162 visse
297 1116 490 1171 traditur,
518 1132 614 1161 cum
643 1123 804 1161 constet
833 1120 876 1172 2)
904 1133 1002 1163 eum
1030 1134 1125 1163 ann.
1142 1122 1195 1163 95
1217 1121 1426 1173 repulsam
1440 1120 1596 1164 tulisse.

162 1186 296 1234 Cuius
336 1189 396 1233 rei
433 1203 600 1233 causam
630 1190 749 1233 Sulla
775 1191 862 1243 ipse
890 1191 933 1234 in
961 1191 1269 1234 commentariis
1295 1192 1464 1235 infimae
1491 1192 1598 1235 mul-

161 1258 334 1305 titudini
362 1259 573 1314 adscribit,
599 1274 707 1313 quae
736 1266 904 1314 propter
930 1262 1258 1305 familiaritatem
1285 1262 1375 1305 eius
1388 1277 1482 1305 eum
1499 1276 1598 1316 rege

161 1329 330 1375 Boccho
374 1332 618 1384 magnificas
658 1332 901 1375 venationes
942 1337 984 1375 et
1025 1333 1320 1376 Africanarum
1361 1333 1598 1376 belluarum

162 1402 402 1456 spectacula
442 1409 701 1456 exspectans,
729 1417 826 1446 eum
857 1404 1037 1456 primum
1066 1403 1281 1447 aedilitate
1307 1404 1424 1457 fungi
1453 1404 1596 1447 voluit.

161 1472 418 1518 Plutarchus
445 1489 544 1517 vero
573 1474 640 1517 hic
669 1475 830 1517 auctori
857 1490 932 1518 suo
962 1475 1087 1518 fidem
1116 1475 1271 1518 habere
1298 1475 1474 1529 dubitat,
1488 1490 1598 1528 quae

160 1545 231 1588 res
256 1545 383 1588 nimis
409 1560 504 1588 raro
532 1545 594 1588 fit.
648 1551 780 1589 Ἔσικε
808 1546 852 1588 δὲ
880 1547 948 1596 τὴν
976 1547 1098 1595 ἀληθῆ
1119 1552 1188 1596 τῆς
1202 1546 1448 1597 ἀποτεύξεως
1467 1548 1596 1590 αἰτίαν

163 1615 244 1670 οὐχ
283 1615 481 1668 ὁμολογῶν
525 1617 542 1659 ὂ
579 1617 741 1664 Σύλλοις
767 1617 1008 1670 ἐλέγχεσθαι
1036 1614 1113 1664 τοῖς
1141 1616 1366 1670 πράγμκσι.
1407 1618 1597 1671 Ἔναυτῷ

166 1685 248 1741 γὰρ
274 1684 441 1730 ἡαπ-ὄπιν
470 1686 594 1741 ἔτυχε
622 1693 691 1737 τῆς
716 1688 971 1741 στρκτηγίκς,
996 1691 1062 1730 τοῦ
1078 1688 1201 1740 δήμου
1216 1689 1259 1731 τὸ
1274 1688 1347 1740 μέν
1362 1705 1400 1731 τι
1414 1688 1597 1742 θεραπείᾳ

165 1758 212 1802 τὸ
240 1757 285 1801 δὲ
313 1759 380 1801 καὶ
409 1759 590 1812 χρήμασι
618 1758 979 1812 προσαγαγόμενος.
1019 1758 1164 1801 Rebus
1191 1758 1290 1811 ipsis
1317 1759 1445 1811 igitur
1458 1758 1600 1801 redar-

162 1829 320 1884 guitur,
363 1844 460 1872 eum
506 1843 617 1872 anno
664 1834 757 1883 post
798 1829 1014 1882 largiendo
1062 1834 1104 1873 et
1143 1829 1366 1872 ambiendo
1395 1828 1597 1872 honorem

162 1904 414 1945 eonseeutus
469 1901 536 1944 sit.
622 1900 763 1951 Quare
811 1915 909 1944 eum
959 1901 1002 1943 in
1049 1906 1247 1954 praetura
1290 1900 1353 1943 ira
1400 1900 1601 1943 incitatus

165 1969 221 2015 ad
260 1970 309 2015 Ο.
351 1971 440 2016 Jul.
482 1971 708 2016 Caesarem
750 1971 998 2015 Strabonem
1024 1973 1068 2023 3)
1094 1971 1267 2014 dixisset
1293 1985 1382 2013 sese
1409 1985 1485 2014 sua
1523 1985 1595 2023 po·

164 2045 315 2086 testate
377 2042 422 2086 in
480 2056 578 2086 eum
637 2057 825 2096 usurum,
866 2043 937 2085 ille
965 2042 1170 2085 arridens:
1224 2041 1419 2095 „Recte‚”
1450 2042 1597 2094 inquit,

168 2117 435 2168 „praeturam
463 2114 681 2157 existimas
709 2118 839 2165 tuam,
868 2128 966 2157 nam
992 2113 1171 2157 emisti.''

217 2182 282 2227 Eo
321 2183 478 2227 honore
517 2184 684 2228 functus
725 2189 789 2228 est
829 2199 925 2227 ann.
967 2186 1032 2232 93.
1074 2183 1119 2227 C.
1159 2183 1329 2226 Valerio
1357 2182 1507 2226 Flacco
1538 2182 1597 2226 M.

165 2253 383 2299 Herennio
423 2269 525 2298 coss.
565 2255 678 2298 Nam
714 2255 824 2308 μετὰ.
851 2256 919 2303 τὴν
949 2254 1188 2308 στρκτηγίκν
1218 2254 1260 2296 ἰιι
1291 2252 1597 2306 Cappadociam

164 2325 314 2370 missus
358 2330 433 2379 est,
473 2326 584 2379 quod
625 2327 668 2370 in
705 2341 800 2370 ann.
829 2328 882 2368 92
909 2326 952 2379 4)
981 2324 1137 2368 incidit.
1192 2324 1306 2368 Num
1337 2329 1502 2377 praetor
1530 2338 1595 2366 ur·

166 2395 301 2440 banus
327 2410 383 2440 an
411 2397 654 2451 peregrinus
680 2397 807 2441 fuerit
833 2411 915 2439 non
946 2396 1088 2448 liquet.
1116 2397 1159 2448 5)

219 2637 255 2683 1)
281 2635 369 2674 val.
394 2635 502 2674 Max.
527 2636 621 2674 vn.
647 2639 680 2674 ⁵.
707 2638 739 2674 5.

215 2702 252 2747 2)
276 2700 325 2738 ef.
354 2700 466 2738 infra.

216 2765 255 2812 8)
279 2765 325 2802 of.
352 2778 388 2813 p.
419 2767 452 2802 9.

216 2832 253 2875 4)
275 2829 363 2867 Liv.
390 2829 460 2879 Ep.
486 2831 543 2868 70.

217 2897 254 2940 ὃ)
280 2895 394 2932 Auet.
419 2894 467 2932 do
493 2895 562 2933 vir.
589 2894 642 2932 ill.
668 2907 699 2932 e.
727 2894 784 2933 75.
811 2892 919 2943 Pigh.
945 2893 984 2931 in
1008 2892 1146 2930 Annal.
1172 2891 1281 2930 Rom.
1306 2904 1339 2929 a.
1364 2903 1451 2929 ann.
1475 2893 1558 2930 660.
