1988 3366
841 294 894 345 47

145 482 196 529 Is
228 482 322 528 loco
347 484 534 538 inspecto
559 488 688 528 noctu
713 498 804 528 rem
830 499 1049 539 aggressus
1076 485 1216 529 diruto
1241 484 1446 539 quidquid
1471 485 1582 530 inter

147 553 255 602 dn·
277 559 421 609 portas
446 555 658 599 Piraicam
683 560 728 600 et
753 555 926 600 Sacram
952 571 1170 601 murorum
1182 562 1289 612 erat,
1301 557 1450 601 urbem
1471 557 1583 611 cepit

146 627 195 671 οι
215 639 371 680 magno
399 640 495 670 cum
524 631 683 671 terrore
709 627 919 681 ingressus
935 633 1012 671 est.
1065 627 1249 672 Romani
1261 628 1417 672 strictis
1430 628 1582 683 gladiis

145 695 202 742 ed
227 696 399 741 caedem
427 698 678 751 rapinasque
706 712 780 752 per
804 699 895 742 vias
921 699 1171 743 volaverunt
1194 703 1238 743 et
1251 699 1422 743 obvium
1437 713 1582 752 quem·
1632 700 1636 702 “

143 780 229 822 que
266 767 587 822 interfecerunt,
613 783 691 813 nec
717 770 848 813 aetati
874 783 951 813 nec
976 770 1098 814 sexui
1124 774 1354 824 parcentes,
1380 770 1454 823 qni
1480 769 1581 813 dum

144 837 271 884 aedes
294 844 625 894 perscrutantur,
658 840 811 894 passim
837 855 984 884 carnes
1010 840 1216 885 humanas
1233 840 1288 884 ad
1307 841 1448 885 cibum
1462 855 1582 895 para·

146 913 214 954 tas
236 909 501 954 invenerunt.
555 910 670 954 Urbs
695 910 969 955 cadaveribus
995 912 1176 966 oppleta,
1191 926 1370 965 quorum
1382 926 1582 956 numerus

145 981 313 1027 definiri
363 996 447 1026 non
495 982 654 1036 potuit3
691 983 893 1037 sanguine
931 987 1075 1027 autem
1114 988 1227 1028 totus
1255 983 1499 1028 Ceramicus
1527 984 1582 1027 ad

146 1051 337 1108 Dipylon
363 1053 494 1097 fluxit
519 1053 691 1106 eiusque
718 1054 801 1097 rivi
827 1054 872 1097 in
897 1054 1146 1098 suburbium
1175 1059 1467 1099 manaverunt.
1513 1055 1582 1099 Ita

145 1118 259 1165 fame
299 1119 489 1163 enervati
528 1124 650 1163 erant
689 1120 831 1164 miseri
875 1120 1048 1171 incolae,
1090 1126 1139 1165 ut
1174 1135 1228 1165 ue
1253 1121 1309 1165 ad
1335 1121 1582 1176 fugiendum

147 1189 324 1243 quidem
350 1189 461 1234 vires
485 1195 761 1244 superessent.

201 1259 329 1305 Multi
369 1261 510 1311 etiam.
550 1260 655 1304 nihil
694 1261 941 1306 clementiae
975 1266 1018 1305 et
1045 1261 1342 1306 moderationis
1368 1277 1396 1306 a
1422 1263 1581 1307 victore

146 1335 450 1385 exspectantes,
492 1337 671 1375 mortem
709 1332 789 1376 sibi
817 1333 895 1386 ipsi
925 1334 1228 1388 consciverunt,
1253 1334 1327 1377 alii
1352 1348 1443 1378 sese
1469 1335 1581 1378 ultro

145 1401 456 1456 percussoribus
479 1402 733 1447 obiecerunt.
761 1402 843 1447 Sed
864 1403 1026 1447 duobus
1041 1404 1254 1448 exsulibus
1267 1408 1311 1448 et
1322 1405 1583 1449 senatoribus

145 1473 219 1526 qui
279 1473 370 1517 eius
410 1477 547 1517 eastra
586 1474 867 1527 sequebantur
906 1474 1237 1529 deprecantibus,
1276 1475 1447 1519 tandem
1486 1476 1582 1520 urbi

148 1544 356 1598 pepercit:
409 1543 489 1599 ἔφη
529 1544 762 1598 χαρίζεσθαι
800 1546 969 1593 πολλοὺς
1022 1546 1095 1597 μὲν
1136 1543 1289 1598 ὀλίγοις,
1333 1545 1485 1600 ζῶντας
1537 1547 1581 1590 δὲ

145 1614 367 1665 τεθνηκόσιν.
409 1615 471 1659 Ut
497 1614 609 1659 Flor.
637 1616 664 1659 1.
692 1616 719 1658 1.
747 1616 830 1659 ait:
862 1616 1113 1671 „Postquam
1142 1616 1364 1660 domuerat
1389 1617 1582 1670 ingratis-

147 1685 334 1740 ¹‚simosm
362 1685 591 1740 hominum,
618 1686 662 1730 in
690 1685 890 1730 honorem
907 1691 1046 1730 tamen
1061 1691 1335 1739 mortuorum,
1354 1689 1482 1731 sacris
1493 1689 1582 1732 suis

150 1755 394 1811 ‚famaeque
420 1756 629 1800 donavit?
653 1757 805 1800 Servos
829 1757 908 1800 sub
935 1756 1056 1800 hasta
1083 1757 1310 1812 vendidit,'
1298 1758 1493 1812 mgenuis
1506 1759 1580 1812 qui

121 1825 371 1871 *admodum
422 1827 544 1881 pauci
593 1827 764 1871 caedem
803 1827 1038 1881 effugerant
1076 1827 1315 1910 libertatem
1357 1829 1581 1873 concessit.

147 1895 263 1941 'me
289 1898 363 1950 μὲν
391 1898 487 1948 ἄδην
508 1895 615 1953 εἶχον
644 1899 688 1942 αἱ
712 1899 870 1947 'Adime
896 1902 1034 1942 axx-'h

197 1967 357 2012 Aristio
397 1968 565 2013 incenso
604 1968 734 2023 odeo,
773 1982 827 2012 ne
868 1982 924 2012 ex
950 1969 1039 2012 eius
1066 1968 1256 2012 trabibus
1293 1969 1490 2014 materies
1523 1969 1580 2013 ad

145 2039 499 2094 oppugnationem
538 2040 678 2093 parari
715 2043 865 2093 posset,
905 2039 948 2083 in
988 2053 1128 2083 arcem
1168 2039 1414 2094 confugerat
1453 2044 1498 2084 et
1551 2054 1580 2085 a

145 2109 328 2155 Curione
355 2110 493 2164 legato
519 2110 709 2154 obsessus
735 2109 968 2154 tenebatur.
983 2111 1115 2164 Χρόνον
1130 2111 1419 2165 ἐγκαρτερήσας
1436 2112 1580 2166 συχνὸν

146 2193 283 2234 aquae
333 2180 508 2235 penuria
559 2186 727 2225 coactus
779 2194 870 2224 sese
912 2179 1096 2233 tradidit,
1139 2183 1183 2232 1)
1221 2180 1333 2234 quod
1374 2180 1581 2226 divinitus

152 2252 352 2297 accidisse
391 2252 502 2296 illico
542 2252 744 2296 miraculo
785 2252 1101 2306 comprobatum
1141 2256 1216 2306 est,
1252 2257 1301 2296 ut
1327 2252 1581 2297 Plutarchus

146 2322 176 2367 i.
209 2337 248 2368 e.
284 2322 403 2367 Sulla
436 2322 556 2367 nobis
583 2322 836 2377 persuadere
865 2327 1058 2367 conatur:
1085 2337 1183 2366 uam
1210 2336 1294 2376 qua
1323 2322 1427 2367 hora
1454 2323 1581 2368 Curio

148 2408 247 2440 eum
275 2406 332 2438 ex
358 2407 455 2437 arce
481 2392 669 2447 deduxit,
698 2393 829 2437 nubes
855 2393 970 2437 coelo
996 2406 1143 2437 sereno
1171 2394 1360 2437 coierunt
1381 2398 1425 2437 et
1442 2407 1582 2438 arcem

143 2478 300 2520 magna
324 2478 460 2518 aquae
486 2464 529 2508 vi
556 2464 848 2519 impleverunt.
902 2465 1121 2518 Appianu-
1148 2465 1192 2519 2)
1218 2463 1337 2508 addit
1350 2469 1581 2518 tyrannum

189 2703 230 2786 i
254 2700 342 2738 noo
366 2703 454 2749 pout
477 2712 644 2749 pugnam
670 2700 718 2737 ad
744 2700 1000 2738 Chaeroneam
1028 2699 1171 2736 ructum
1197 2699 1365 2737 videtur.
1391 2700 1440 2737 cf.
1455 2699 1580 2738 Licin.

147 2747 185 2786 X
231 2747 527 2833 XV.exRb¹1;o
544 2748 761 2833 θὶέἵοῗωῦ
778 2748 933 2843 ossuffi.
962 2747 1108 2784 Sullam
1147 2746 1358 2785 hiematum
1408 2747 1581 2785 Athona·

194 2859 528 2908 2)B....M0³s
