1988 3366
813 290 868 342 97

121 480 312 541 elimina,
354 482 414 525 ita
454 486 568 525 totae
596 482 788 526 civitates
814 482 1129 527 multabantur:
1158 483 1337 527 aliarum
1364 497 1484 527 arces
1512 486 1556 527 et

117 565 287 614 muna
325 551 478 605 diruta,
519 553 629 597 aliae
670 553 855 606 pecuniis
894 559 938 597 et
976 554 1266 597 exactionibus
1299 554 1555 607 gravissimis

108 623 299 680 vvexatae
324 629 435 667 sunt.
463 623 599 667 Immo
625 625 754 667 etiam
781 623 1052 668 subhastatae
1079 630 1179 667 sunt
1191 630 1408 677 tamquam
1427 625 1553 668 villae

117 691 327 750 quaedam
357 694 518 737 nobiles
545 695 736 737 civitates
757 695 814 747 1):
852 694 1030 748 „Positis
1058 694 1317 748 singulorum
1332 694 1554 738 hominum

118 761 234 828 ‚fite
280 765 424 818 poenis
471 765 700 818 municipia
745 765 897 808 Italiae
938 765 1270 818 splendidissima
1310 765 1389 809 sub
1432 765 1555 816 hasta

100 835 380 896 aperuerunt,
410 835 639 889 Spolctum‚
655 835 974 889 Interamnium,
990 836 1230 888 Praeneste,
1248 836 1475 879 Faventia”
1490 837 1548 889 2).

81 912 87 919 ’
169 904 384 961 Imprimis
426 921 527 949 vero
566 907 608 949 in
651 921 802 949 nomen
845 907 1097 949 Samnitium
1139 907 1344 950 saevitum
1372 911 1447 956 est.
1476 906 1550 959 qui

114 977 295 1049 βψωαε
321 991 349 1020 a
373 977 502 1030 stirpe
529 978 782 1020 exstinctus:
813 977 966 1020 milites
992 991 1019 1020 a
1046 977 1164 1020 Sulla
1192 977 1307 1020 missi
1339 991 1421 1020 non
1451 981 1551 1020 ante

114 1045 223 1107 fines
259 1061 406 1092 eorum
448 1062 605 1091 vexare
641 1047 890 1091 destiterunt
916 1062 1044 1100 quam
1070 1061 1214 1090 omnes
1243 1047 1452 1090 Samnites
1482 1047 1549 1090 vel

115 1103 228 1171 ὀὶ-,ιο
264 1118 419 1162 sublati
460 1118 527 1161 vel
568 1132 624 1162 ex
664 1117 790 1161 Italia
829 1118 950 1161 eiecti
980 1123 1117 1161 essent
1148 1118 1205 1171 3).
1261 1117 1366 1160 Inde
1392 1117 1552 1161 Strabo

115 1178 279 1237 nnllam
304 1189 365 1232 ibi
391 1189 540 1232 urbem
566 1189 739 1243 invenit,
765 1203 859 1232 cum
890 1189 1049 1231 incolae
1076 1188 1155 1231 fusi
1183 1189 1227 1231 in
1255 1189 1366 1242 agiis
1392 1188 1550 1242 disper·

114 1259 236 1315 sique
276 1274 351 1314 per
377 1260 490 1303 vicos
515 1264 666 1303 essent.
719 1259 831 1303 Nam
859 1259 1047 1302 Venusia
1073 1265 1116 1301 et
1145 1259 1436 1303 Beneventum
1463 1260 1548 1303 iam

112 1327 279 1387 pridem
298 1331 485 1375 coloniae
511 1330 690 1375 Latinae
719 1344 745 1372 a
774 1329 1083 1373 calamitatibus
1110 1329 1267 1372 liberae
1293 1334 1549 1373 manserunt.

117 1400 234 1447 Hinc
274 1401 404 1445 etiam
445 1400 595 1445 deduci
633 1401 732 1444 licet
774 1400 936 1443 Sullam
959 1414 1042 1443 non
1070 1399 1251 1443 colonias
1279 1400 1480 1443 militares
1506 1400 1548 1442 in

117 1471 338 1523 Samnium
364 1472 537 1516 misisse.

111 1540 115 1542 ἡ
170 1542 411 1588 Secundum
429 1543 638 1586 Samnites
650 1541 817 1584 Etrusci
830 1555 924 1584 cum
945 1540 1145 1583 Marianis
1159 1540 1347 1594 partibus
1362 1541 1548 1584 maxime

98 1604 323 1668 hves-aut,
361 1619 452 1657 tum
495 1613 765 1667 optimatibus
791 1612 994 1655 acerrime
1021 1611 1275 1653 restiterant.
1329 1610 1466 1660 Quam
1493 1611 1548 1654 ob

116 1698 209 1734 run
248 1683 368 1729 Sulla
408 1684 468 1727 eis
512 1684 637 1726 urbes
675 1687 718 1726 et
746 1696 868 1735 agros
893 1681 1062 1734 ademit,
1090 1688 1138 1723 ut
1165 1680 1367 1724 militibus
1398 1680 1541 1723 daret:

115 1761 281 1800 veteres
306 1755 466 1799 incolas
492 1769 537 1798 se
564 1754 717 1808 partim
743 1753 899 1806 rapinis
925 1751 1140 1804 dederunt,
1168 1752 1323 1794 caeteri
1351 1752 1394 1794 iu
1417 1765 1546 1795 novas

115 1841 184 1871 res
208 1826 361 1871 intenti
386 1826 622 1870 necessitati
640 1825 854 1878 parebant.
883 1824 979 1866 Non
992 1827 1057 1866 est
1069 1822 1207 1876 igitur,
1220 1821 1332 1875 quod
1346 1822 1547 1866 miremur

114 1911 211 1942 eam
234 1897 451 1952 regionem
477 1901 622 1951 postea
648 1895 854 1938 Catilinae
871 1893 1167 1937 coniurationis
1186 1891 1327 1935 sedem
1346 1892 1471 1935 fuisse
1486 1893 1544 1946 4).

29 1999 35 2003 -
115 1967 199 2021 Qui
237 1968 282 2012 in
322 1967 505 2011 colonias
547 1967 661 2010 missi
699 1970 797 2009 sunt
838 1969 1006 2008 centum
1048 1963 1195 2017 viginti
1223 1962 1339 2005 milia
1367 1975 1541 2006 numero

114 2038 253 2099 {ui-0,
269 2038 467 2083 videntur
495 2038 552 2092 5).

610 2153 808 2199 CAPUT
835 2151 1052 2197 XXXIII.

170 2274 294 2321 Sulla
331 2288 415 2319 non
455 2274 590 2318 solum
633 2273 694 2316 eis
734 2271 932 2315 caedibus
971 2274 1014 2313 ct
1040 2268 1368 2318 crudelitatibus,
1396 2282 1541 2312 verum

120 2346 250 2392 etiam
292 2346 376 2390 alia
412 2359 457 2388 re
498 2345 659 2388 animos
692 2343 909 2386 hominum
936 2340 1015 2384 sibi
1040 2339 1251 2383 alienavit.
1306 2340 1412 2382 Cum
1440 2339 1542 2382 Car·

120 2417 230 2465 bone
269 2417 314 2461 in
353 2416 508 2471 Sicilia,
548 2415 683 2459 Mario
710 2414 936 2457 Praeneste
964 2410 1195 2454 interemtis
1221 2410 1409 2452 consules
1434 2409 1539 2452 nulli

165 2612 201 2658 1)
224 2611 326 2660 Aug.
351 2610 399 2647 de
424 2610 505 2647 Civ.
531 2608 604 2646 Dei
631 2608 654 2644 l.
683 2608 707 2644 l.

162 2677 201 2723 2)
223 2675 329 2713 Flor.
352 2675 430 2712 111.
454 2676 513 2711 28.

164 2742 201 2788 3)
225 2741 362 2779 Strabo
388 2740 437 2777 V.
462 2742 497 2776 8.
523 2753 557 2788 p.
583 2742 663 2776 401.

164 2807 204 2855 4)
228 2807 324 2844 Suu.
350 2806 430 2843 Cat.
455 2807 512 2842 28.
538 2805 616 2841 Cic.
642 2805 680 2839 in
706 2804 788 2839 Cat.
816 2801 867 2838 11.
892 2804 924 2836 9.
951 2803 1009 2837 20.
1035 2812 1102 2847 pro
1132 2798 1228 2835 Mar.
1253 2800 1311 2835 22.

164 2875 201 2920 ὅ)
225 2873 326 2921 App.
351 2871 394 2908 B.
420 2871 460 2908 C.
487 2870 517 2906 Ι.
546 2872 614 2906 lot
640 2868 719 2905 Liv.
747 2867 813 2915 Ep.
839 2869 896 2902 06.
921 2869 978 2901 89.
