1988 3366
1057 363 1133 404 104

441 546 592 588 Paucis
619 546 828 588 mensibus
858 550 948 598 post
979 545 1066 587 ludi
1094 546 1331 598 gladiatorii
1359 545 1602 594 edebantur,
1619 546 1690 597 qui
1707 559 1812 588 novo

390 617 530 659 Sullae
560 618 824 659 matrimonio
849 618 986 659 locum
1015 617 1229 658 dederunt.
1271 616 1453 660 Valeria,
1481 617 1663 668 eleganti
1681 616 1814 658 forma

390 688 541 729 mulier
571 691 612 729 et
641 688 793 729 illustri
808 702 959 740 genere
977 689 1017 729 in
1033 687 1230 729 Sullama
1245 691 1362 739 tergo
1378 688 1631 739 praeteriens
1645 701 1816 728 manum

393 758 572 800 intendit
603 767 644 800 et
671 759 796 800 flocco
826 773 879 800 ex
908 763 1006 810 toga
1035 759 1123 800 eius
1147 759 1291 799 avulso
1318 760 1358 799 in
1389 758 1526 800 locum
1555 773 1675 799 suum
1704 762 1816 799 tran-

388 830 457 870 siit
488 831 536 879 1).
565 828 700 877 Quam
719 843 813 870 cum
831 829 946 871 Sulla
962 829 1135 870 miratus
1162 828 1431 882 adspexisset,
1453 829 1548 870 illa:
1568 828 1709 882 „Nihil
1731 827 1816 870 est”

390 901 526 951 inquit
557 899 689 952 „quod
722 904 762 941 te
791 904 969 946 moveat,
998 900 1233 951 imperator3
1265 913 1340 952 ego
1374 912 1538 950 quoque
1579 899 1698 950 cupio
1727 902 1817 940 tan-

392 971 551 1024 „tillum
581 976 678 1013 tuae
705 971 915 1012 felicitatis
943 984 1108 1012 consors
1136 970 1262 1012 fieri.’'
1289 969 1405 1011 Sulla
1432 969 1681 1011 tintulatur:
1721 968 1817 1011 hinc

387 1043 602 1084 oculorum
628 1042 901 1093 mictationes,
934 1046 1103 1083 mutuae
1133 1041 1272 1082 vultus
1302 1037 1662 1082 conversioneset
1689 1039 1808 1082 blan-

394 1114 532 1166 ditiae,
563 1114 769 1166 sponsalia
811 1113 1001 1165 denique,
1037 1113 1226 1154 Valeriae
1266 1113 1440 1154 fortasse
1480 1127 1563 1154 non
1599 1110 1816 1164 pudenda:

388 1186 504 1226 Sulla
531 1200 628 1227 vero
658 1199 738 1226 non
766 1199 820 1226 ex
835 1184 1006 1226 honesto
1036 1184 1157 1226 duxit
1186 1184 1422 1236 primordio,
1455 1198 1551 1225 cnm
1581 1196 1696 1224 more
1713 1182 1810 1224 adu-

394 1257 586 1298 lescentis
614 1256 763 1297 obtutu
792 1260 833 1296 et
861 1255 1081 1307 leporibus,
1110 1255 1259 1306 quibus
1289 1255 1422 1296 solent
1436 1253 1660 1296 foedissimi
1679 1257 1721 1295 et
1739 1253 1817 1295 im-

394 1327 681 1378 pudentissimi
710 1326 885 1367 excitari
913 1326 1041 1367 animi
1070 1330 1219 1378 motus,
1248 1340 1335 1367 sese
1364 1325 1455 1377 capi
1484 1339 1625 1377 passus
1653 1328 1771 1366 esset.

440 1397 655 1438 Valeriam
686 1401 827 1438 autem
859 1397 1072 1438 Hortensii
1102 1397 1276 1438 oratoris
1317 1396 1442 1437 fuisse
1470 1409 1667 1447 sororem,
1696 1393 1810 1436 haud

387 1468 508 1510 facile
546 1469 765 1519 quisquam
807 1467 1034 1509 Plutarcho
1090 1466 1322 1509 crediderit.
1369 1467 1527 1509 Notum
1582 1467 1694 1508 enim
1754 1470 1818 1508 est

387 1538 598 1580 Romanos
625 1539 886 1590 reipublique
915 1538 1081 1589 quidem
1112 1538 1367 1591 temporibus
1383 1552 1534 1580 nomen
1554 1537 1813 1590 gentilicium

388 1609 552 1651 filiabus
579 1609 797 1651 indidisse:
828 1609 974 1651 habuit
1003 1614 1143 1651 autem
1166 1610 1214 1658 Q.
1234 1609 1482 1651 Hortensius
1498 1612 1636 1650 orator
1654 1612 1815 1660 patrem

387 1681 435 1722 L.
465 1681 750 1733 Hortensium,
782 1684 825 1722 ut
855 1695 908 1722 ex
937 1681 1020 1723 Cic.
1052 1681 1172 1722 Verr.
1201 1681 1283 1733 IH,
1318 1682 1366 1721 16
1402 1683 1574 1722 constat.
1626 1679 1820 1731 Suspicor

388 1767 480 1794 eam
519 1753 654 1803 potius
692 1766 780 1793 esse
821 1766 1002 1794 sororem
1046 1752 1100 1794 M.
1136 1752 1290 1793 Valerii
1338 1751 1551 1803 Messalae,
1592 1749 1813 1792 consulatu
1857 1778 1859 1781 -

386 1824 518 1864 functi
560 1838 653 1864 ann.
706 1824 768 1864 53.
825 1823 907 1865 Hic
963 1823 1042 1864 fuit
1097 1823 1206 1864 filius
1252 1822 1461 1864 Hortensii
1502 1822 1650 1863 sororis
1681 1826 1723 1862 et
1767 1819 1818 1862 de

386 1894 547 1935 ambitu
574 1899 791 1935 accusatus
820 1893 872 1935 ab
902 1907 949 1934 eo
981 1893 1172 1934 defensus
1200 1897 1261 1934 est
1289 1895 1341 1942 2.)
1373 1892 1544 1934 Valeria
1573 1891 1700 1943 igitur
1730 1904 1812 1932 nou

387 1963 583 2017 Ὁρτησίου
612 1961 680 2005 τοί]
706 1965 850 2017 ῥήτορος
879 1964 1053 2017 ἐδελφή,
1081 1963 1151 2005 sed
1180 1963 1379 2016 ἀδελφιδῆ
1406 1963 1485 2004 fuit
1511 1967 1552 2004 et
1578 1962 1637 2004 ita
1654 1961 1819 2003 Plutar-

390 2034 491 2078 chus
521 2034 624 2077 mihi
654 2035 921 2087 corrigendus
950 2035 1126 2076 videtur.

880 2205 1076 2248 CAPUT
1115 2206 1247 2248 XXX
1258 2205 1327 2247 VI.

443 2376 643 2424 Quamvis
674 2375 888 2416 Valeriam
918 2375 1028 2416 domi
1059 2375 1243 2427 haberet,
1275 2379 1414 2416 tamen
1445 2389 1537 2416 eum
1564 2373 1819 2428 mulieribus,

391 2447 539 2498 mimis,
569 2446 804 2498 citharistis,
833 2446 1113 2498 histrionibus,
1143 2447 1253 2487 inter
1279 2459 1381 2496 quos
1400 2446 1448 2494 Q.
1465 2446 1652 2498 Roscius,
1669 2445 1816 2487 histrio

392 2517 830 2569 consummatissimus,
882 2517 1049 2559 vivebat
1095 2531 1120 2558 a
1162 2516 1367 2557 matutino
1410 2515 1506 2557 inde
1551 2523 1734 2567 tempore
1775 2515 1819 2557 in

442 2711 473 2755 l)
501 2710 587 2745 Val.
615 2711 720 2746 Max.
751 2709 797 2746 V.
825 2712 880 2746 93.

442 2776 477 2820 2)
505 2774 652 2821 Operae
691 2775 856 2821 pretium
895 2778 952 2810 est
981 2775 1151 2810 animum
1175 2774 1372 2810 intendere
1398 2774 1438 2810 in
1462 2774 1579 2828 verba
1605 2785 1651 2809 ex
1676 2772 1818 2820 quibus

394 2828 552 2868 appaiet
577 2822 735 2858 Sullano
762 2827 932 2869 tempore
946 2823 1117 2858 nondum
1131 2822 1303 2858 discretis
1321 2822 1452 2858 cuneis
1466 2821 1566 2857 viros
1581 2821 1818 2867 feminasque

392 2870 606 2916 promiscue
644 2870 757 2905 ludos
783 2874 990 2917 spectasse.
1034 2870 1138 2918 quod
1175 2873 1306 2917 postea
1343 2869 1390 2905 ab
1424 2869 1601 2916 Augusto
1627 2871 1818 2905 mutatum

397 2921 463 2952 est.
514 2917 616 2952 Suet.
645 2917 727 2953 Oct.
755 2930 784 2953 c.
811 2921 858 2953 44
