1988 3366
910 323 934 362 5

792 505 990 549 CAPUT
1020 506 1055 548 Ι.

260 706 420 751 Lucius
459 707 579 751 Sulla
619 708 757 761 gentis
795 708 876 751 fuit
906 708 1116 761 patriciae,
1145 707 1332 751 omnium
1361 708 1573 751 maximae
1599 711 1642 751 et

205 777 577 832 splendidissimae,
605 792 715 831 quae
742 778 938 822 Cornelia
963 779 1212 832 appellatur.
1267 778 1336 822 Ex
1365 779 1455 822 eius
1474 779 1641 822 maiori·

204 848 285 892 bus
325 863 434 892 unus
474 849 525 892 P.
550 848 616 910 Ὀ.
662 849 843 892 Rufinus
882 850 1056 892 summis
1084 848 1311 892 honoribus
1338 863 1438 892 usus
1464 854 1540 902 est,
1567 849 1641 902 qui

202 933 316 964 auno
341 921 424 963 290
448 934 486 962 a.
508 918 557 963 C.
584 920 728 963 consul
757 934 854 963 cum
884 920 940 963 M*
955 919 1084 963 Curio
1108 920 1292 963 Dentato
1321 920 1547 972 Samnites,
1573 920 1635 963 in·

203 990 400 1045 gentibus
441 990 630 1034 cladibus
672 991 812 1044 illatis,
842 991 895 1034 ad
924 1005 1071 1044 pacem
1101 991 1323 1045 petendam
1352 991 1565 1044 compulit.
1596 993 1637 1043 1)

203 1060 370 1104 Iterum
400 1061 544 1104 consul
571 1062 651 1104 fuit
682 1075 794 1104 anno
820 1062 898 1104 277
930 1062 972 1104 in
1000 1061 1111 1105 bello
1129 1066 1274 1105 contra
1287 1061 1516 1115 Pyrrhum,
1530 1076 1641 1105 anno

203 1136 298 1185 post
322 1130 503 1175 dictator
529 1131 668 1174 dictus
695 1137 759 1174 est
785 1132 907 1175 clavi.
936 1138 983 1175 ut
1006 1133 1241 1192 opimantur,
1269 1132 1479 1185 pangendi
1500 1147 1644 1181 causa,

202 1206 254 1246 ut
295 1202 535 1256 pestilentia
561 1202 791 1245 sedaretur.
846 1202 967 1252 Quod
994 1203 1248 1246 Plutarchus
1276 1218 1351 1246 uos
1379 1203 1514 1257 docet,
1542 1218 1639 1247 eum

203 1281 356 1317 senatu
398 1287 489 1317 esse
533 1279 718 1317 motum:
770 1275 894 1326 εὑρέθη
933 1275 1013 1327 γὰρ
1051 1275 1228 1327 ἀργυρίου
1255 1274 1381 1318 κοίλου
1408 1275 1641 1327 xempcs'vx

203 1343 301 1398 ὑπὲρ
343 1344 442 1387 δέκκ
483 1344 619 1398 >Ji-pu
658 1346 701 1397 2)
731 1349 798 1388 τεῦ
824 1345 939 1396 ’κε’μευ
967 1346 1024 1396 μὴ
1049 1345 1229 1392 διδόντες.
1257 1344 1369 1388 idem
1397 1345 1509 1398 apud
1539 1346 1643 1388 alios

197 1413 419 1469 scriptores
468 1415 659 1468 legimus,
699 1416 743 1468 3)
784 1417 895 1459 inter
934 1430 1038 1468 quos
1071 1421 1115 1459 et
1140 1416 1316 1469 Gellius,
1343 1430 1371 1459 a
1396 1430 1480 1468 quo
1509 1431 1638 1460 manu

200 1489 409 1539 strenuus,
438 1485 616 1529 bellator
635 1486 767 1529 bonus
787 1486 1061 1538 militarisque
1079 1486 1321 1539 disciplinae
1334 1487 1492 1540 peritus
1510 1487 1641 1541 audit,

200 1555 275 1599 sed
306 1555 431 1599 furax
459 1555 585 1599 homo
611 1562 655 1599 et
683 1557 862 1599 avaritia
893 1570 1000 1599 acer.
1043 1556 1133 1599 Etsi
1162 1557 1328 1600 infamis
1354 1557 1435 1600 hoc
1448 1558 1563 1611 vitio,
1578 1563 1638 1601 ta·

202 1641 300 1670 meu
328 1627 551 1671 Fabricius
578 1641 739 1675 censor,
765 1642 860 1670 cum
876 1628 918 1670 in
935 1627 1190 1680 temporibus
1203 1627 1458 1681 reipublicae
1475 1628 1637 1673 difficil-

198 1697 310 1741 limis
351 1699 542 1741 consules
583 1698 751 1741 creandi
794 1699 931 1741 forent
957 1703 1001 1741 et
1030 1699 1211 1742 Rufinus
1238 1700 1532 1753 competitores
1558 1701 1638 1744 im·

199 1769 333 1813 belles
361 1774 404 1812 ct
431 1770 573 1813 futiles
599 1769 786 1821 haberet,
815 1784 979 1812 summa
1008 1784 1084 1823 ope
1101 1770 1281 1813 adnixus
1293 1775 1370 1824 est,
1384 1774 1433 1813 ut
1447 1771 1484 1814 is
1494 1772 1639 1815 consul

198 1844 426 1893 crearetur,
455 1839 555 1892 quia
583 1839 693 1883 bello
722 1854 875 1893 magno
903 1851 946 1883 ct
972 1841 1092 1893 gravi
1114 1841 1329 1894 compilari
1352 1854 1480 1894 quam
1496 1843 1640 1885 venire

198 1910 357 1953 mallet.
386 1912 429 1960 4)
485 1910 579 1953 Non
623 1910 835 1964 praeclare
863 1925 962 1954 vero
989 1911 1041 1954 dc
1068 1925 1119 1954 eo
1145 1912 1342 1964 opinatur
1368 1916 1514 1955 auctor
1541 1926 1634 1955 nos·

198 1985 276 2033 ter,
303 1981 375 2033 qui
404 1981 579 2024 infamia
608 1995 734 2034 quam
763 1981 920 2024 honore
949 1996 1047 2025 eum
1074 1982 1293 2025 clariorem
1323 1996 1413 2025 esse
1432 1982 1636 2026 affirmat:

196 2052 351 2096 csetcri
395 2057 540 2095 contra
580 2066 677 2095 eum
719 2066 815 2096 cum
856 2052 995 2095 Gellio
1036 2053 1205 2105 egregie
1232 2054 1382 2095 fortem
1411 2058 1454 2095 et
1481 2053 1637 2097 bonum

195 2119 493 2174 imperatorem
538 2119 766 2173 appellant,
807 2118 911 2172 (Cic.
942 2120 968 2162 l.
997 2120 1041 2172 Ι.)
1060 2119 1323 2172 eundemque
1355 2119 1463 2163 bello
1490 2125 1638 2163 contra

199 2189 415 2243 Pyrrhum
443 2190 552 2233 inter
579 2189 873 2234 celeberrimos
900 2190 1024 2233 tuisse
1053 2189 1177 2232 duces
1205 2196 1331 2241 atque
1358 2189 1520 2233 duobus
1541 2204 1638 2234 con·

196 2261 403 2305 sulatibus
431 2267 475 2304 et
502 2260 711 2304 dictatura
723 2261 1022 2313 speciosissime
1040 2260 1228 2303 sunctum
1251 2275 1340 2303 ease
1362 2265 1581 2304 testantur.
1595 2263 1639 2311 5)

252 2331 322 2375 Ab
347 2345 398 2375 co
424 2331 543 2375 Sulla
567 2337 713 2375 sextus
738 2335 840 2375 erat.
868 2330 954 2374 Cir.
982 2330 1092 2374 Veli.
1121 2331 1147 2373 1.
1178 2331 1222 2373 Ι.;
1255 2344 1380 2384 nepos
1404 2332 1494 2374 eius
1509 2331 1635 2374 fuisse

249 2570 280 2614 l)
332 2568 492 2618 Eutrop.
520 2570 573 2606 11.
601 2573 636 2606 1).

243 2636 280 2679 2)
330 2633 472 2671 Noster
497 2634 603 2671 solus
627 2647 733 2680 supra
760 2634 891 2670 dect-m
921 2633 1045 2669 habet.

245 2699 281 2738 3)
331 2697 419 2735 Vsl.
459 2698 564 2735 Max.
605 2698 658 2734 11.
697 2703 730 2734 υ.
774 2698 873 2734 Flor.
917 2700 946 2734 1.
988 2699 1039 2733 18.
1083 2696 1161 2732 Liv.
1209 2696 1271 2743 Ep.
1303 2697 1460 2733 itm-11
1504 2696 1572 2732 lv.
1602 2704 1636 2729 s.

202 2745 337 2783 xvn.
363 2747 422 2782 21.

246 2814 281 2853 ⁴)
335 2810 489 2847 Gelliu-
515 2811 538 2847 Ι.
566 2811 589 2847 1.
617 2811 693 2847 Cic.
720 2810 767 2847 ‹le
793 2814 898 2846 υηι.
929 2809 978 2845 ΙΙ.
1004 2812 1062 2844 cm.

248 2877 284 2922 6)
337 2874 437 2912 vell.
467 2875 548 2912 Pat.
578 2875 630 2912 11.
662 2876 713 2912 17.
745 2874 828 2911 vul.
860 2874 959 2911 Mu.
989 2873 1043 2910 11.
1071 2877 1101 2909 -t
