1988 3366
1126 353 1176 406 93

427 553 576 603 essent,
618 549 830 602 paulisper
872 564 927 592 ex
969 548 1088 592 Urbe
1124 551 1293 592 secessit
1323 554 1364 593 et
1391 554 1584 593 senatum
1612 550 1787 605 monuit,
1818 554 1867 594 ut

425 635 540 662 more
568 620 776 662 maiorum
804 621 994 662 interrex
1021 625 1246 663 crearetur.
1303 621 1452 664 Patres
1480 626 1693 674 sperantes
1720 621 1764 664 id
1801 636 1866 664 co-

425 692 641 732 mitiorum
681 706 806 733 causa
847 692 937 733 fieri
978 691 1197 734 Valerium
1226 692 1425 734 Flaccum
1455 692 1740 744 prodiderunt.
1796 693 1866 735 Ad

426 762 537 804 hunc
579 766 720 804 autem
763 762 938 815 scripsit,
980 766 1027 804 ut
1068 763 1243 804 referret
1284 762 1337 804 ad
1378 763 1579 815 populum
1621 763 1756 806 videri
1786 763 1866 806 sibi

427 833 688 874 Dictatorem
717 833 945 875 creandum
973 847 1062 875 esse
1092 847 1175 874 non
1203 833 1257 875 ad
1287 837 1449 875 certum
1479 838 1656 887 tempus,
1676 833 1750 876 sed
1766 833 1866 876 dum

427 917 493 944 res
518 903 705 944 urbanae
732 907 774 944 et
802 903 978 945 Italicae
1007 902 1224 945 ordinatae
1254 907 1403 945 essent.
1460 903 1585 949 Hanc
1599 904 1866 956 rogationem

428 974 481 1015 ad
524 974 661 1025 ipsum
705 974 866 1016 Sullam
907 978 1107 1027 spectare,
1149 988 1272 1016 nemo
1302 989 1383 1015 non
1411 974 1709 1026 intellegebat:
1737 975 1867 1017 immo

427 1046 469 1086 in
497 1045 641 1086 infima
669 1045 844 1096 epistola
872 1044 1032 1086 addidit
1061 1059 1149 1086 sese
1179 1045 1257 1087 sibi
1285 1045 1470 1088 maxime
1500 1045 1698 1087 idoneum
1719 1045 1866 1100 videri,

428 1116 498 1166 qui
539 1117 615 1157 hac
656 1116 700 1157 in
728 1130 773 1157 re
801 1116 908 1157 bene
937 1115 987 1157 de
1017 1116 1233 1168 republica
1260 1117 1411 1158 mereri
1439 1120 1588 1168 posset.
1621 1116 1660 1167 1)
1717 1116 1866 1159 Liber·

427 1187 523 1227 tatis
553 1186 746 1228 umbram
775 1186 960 1238 amplexi
988 1186 1171 1228 Romani
1199 1187 1320 1228 inviti
1348 1186 1600 1228 dictaturam
1619 1190 1864 1239 perpetuam

429 1257 465 1297 ei
495 1257 690 1298 deferunt
717 1256 975 1308 perferendis
1003 1257 1166 1309 legibus
1195 1261 1237 1298 et
1263 1257 1586 1299 constituendae
1607 1257 1865 1310 reipublicae

430 1328 528 1380 (82),
585 1328 702 1369 cuius
744 1327 912 1369 honoris
954 1328 1170 1380 usurpatio
1210 1341 1284 1379 per
1325 1342 1456 1370 annos
1497 1332 1668 1370 centum
1710 1328 1866 1381 viginti

428 1398 675 1450 intermissa,
703 1412 797 1439 cum
813 1398 854 1451 2)
875 1412 984 1439 anno
1003 1402 1222 1450 postquam
1239 1398 1456 1440 Hannibal
1472 1398 1598 1440 Italia
1614 1403 1864 1450 excesserat,

428 1469 643 1521 proximus
671 1473 834 1510 creatus
862 1473 980 1510 esset.
1012 1468 1112 1510 Fuit
1139 1474 1281 1510 autem
1297 1469 1422 1510 Caius
1438 1468 1650 1523 Servilius,
1667 1469 1739 1521 qui
1755 1484 1864 1512 anno

429 1543 507 1582 202
537 1540 593 1582 Μ.
625 1540 741 1582 Serv.
769 1541 960 1594 Gemino,
991 1540 1053 1582 Ol.
1082 1541 1249 1582 Nerone
1277 1554 1378 1582 coss.
1410 1541 1671 1583 comitiorum
1701 1541 1864 1585 haben-

430 1611 576 1653 dorum
606 1626 731 1653 causa
761 1611 940 1652 dictator
969 1611 1103 1653 dictus
1132 1615 1195 1652 est
1221 1613 1275 1660 3).
1331 1611 1450 1653 Tunc
1468 1625 1566 1654 vero
1581 1611 1635 1654 ad
1652 1612 1864 1655 vindican—

430 1682 526 1723 dam
561 1682 756 1723 maximis
785 1682 979 1734 periculis
1008 1682 1309 1734 rempublicam
1338 1682 1519 1724 Romani
1547 1696 1596 1724 ea
1625 1683 1865 1737 utebantur,

431 1753 548 1795 Sulla
575 1754 618 1794 in
647 1753 914 1795 immodicam
943 1753 1205 1795 crudelitatis
1233 1753 1448 1795 licentiam
1463 1752 1619 1795 abusus
1634 1757 1698 1796 est
1710 1755 1766 1805 4).
1794 1753 1866 1796 Ex

429 1825 522 1876 lege
556 1824 734 1877 Valeria,
764 1837 846 1875 qua
875 1823 1053 1866 dictator
1082 1828 1246 1866 creatus
1274 1827 1356 1865 est·
1384 1824 1501 1865 nulla
1529 1824 1640 1866 enim
1670 1839 1716 1866 re
1743 1823 1866 1867 indu·

431 1895 577 1947 cimur,
605 1899 652 1936 ut
682 1909 777 1936 cum
808 1895 938 1936 Orelli
967 1899 1009 1936 et
1037 1894 1183 1936 Baiter
1211 1894 1359 1936 Onom.
1389 1893 1498 1935 Tull.
1527 1893 1586 1936 II.
1614 1895 1694 1937 290
1720 1894 1861 1947 plures

430 1966 543 2018 leges
584 1966 776 2007 Valerias
818 1966 1070 2017 accipiamus
1113 1989 1166 1994 —-
1206 1969 1388 2017 potestas
1427 1978 1554 2016 quam
1596 1966 1784 2008 maxima
1826 1965 1865 2009 ei

431 2037 589 2078 tributa
615 2041 688 2078 est:
716 2036 942 2090 Ἐψηφίσθη
970 2037 1113 2090 awa-c}
1142 2034 1299 2078 πάντων
1331 2034 1445 2078 ἄδεια
1463 2039 1535 2078 τῶν
1551 2034 1764 2087 γεγονότων
1782 2039 1865 2079 sta-.

431 2112 651 2158 tutumque
681 2111 753 2159 est,
772 2111 818 2148 ut
846 2120 1133 2158 quaecumque
1162 2107 1325 2167 fecisset
1354 2110 1490 2148 essent
1504 2111 1609 2148 rata:
1629 2106 1740 2158 quod
1754 2107 1864 2161 App.

433 2179 481 2220 B.
511 2178 606 2220 (1.1.
637 2180 687 2220 95
716 2178 776 2219 ita
805 2178 1030 2230 expressit:
1061 2179 1091 2220 οἱ
1121 2176 1349 2231 (Ῥωμαῖοι)
1377 2177 1442 2219 nx}
1473 2176 1610 2219 πάντα
1637 2176 1711 2220 ὅσοι
1732 2178 1863 2232 διῷκη-

434 2266 496 2290 mcv
526 2250 542 2291 ὁ
571 2250 733 2295 Σύλλας
762 2249 966 2290 ὑπατεύων
986 2264 1030 2290 τε
1058 2248 1124 2290 mc}
1139 2247 1413 2290 ἀνθυπατεύων
1431 2248 1587 2299 βεβαιῶ
1599 2248 1864 2291 καὶάνεύθυνικ

433 2319 674 2373 ἐψηφίζοντο
693 2315 797 2361 sium.
827 2319 964 2368 Quam
979 2319 1118 2371 legem
1132 2318 1278 2360 Cicero
1299 2319 1340 2371 5)
1356 2318 1660 2370 iniquissimam
1676 2319 1864 2362 omnium

430 2391 570 2443 legum
600 2391 1003 2442 dissimillimamque
1031 2390 1136 2442 legis
1163 2404 1252 2432 esse
1281 2389 1577 2432 arbitrabatur.
1632 2390 1796 2433 Deinde
1824 2391 1864 2433 ei

435 2462 532 2503 data
573 2467 635 2504 est
676 2461 830 2512 ἐξουσίαι
872 2460 1036 2504 θανά-του
1086 2464 1156 2514 „ut
1202 2473 1327 2512 quem
1368 2461 1496 2503 vellet
1523 2461 1679 2504 civium
1707 2460 1864 2504 indicta

483 2661 517 2705 1)
543 2662 641 2706 App.
667 2658 711 2694 B.
738 2658 778 2695 O.
802 2659 834 2695 I.
861 2660 917 2695 98.

483 2725 518 2770 2)
544 2723 646 2758 Vell.
671 2723 726 2758 ΙΙ.
748 2725 804 2759 29.

484 2790 518 2833 3)
544 2787 626 2823 Liv.
653 2789 708 2823 30.
735 2789 792 2823 39.

484 2855 519 2897 4.)
546 2852 647 2888 Vell.
672 2852 696 2887 1.
723 2852 748 2887 l.

486 2918 520 2962 ὅ)
548 2916 623 2951 Cic.
649 2916 707 2951 De
733 2916 805 2963 leg.
831 2928 906 2963 agr.
933 2916 1010 2954 ΙΙΙ.
1035 2919 1091 2954 25.
