1988 3366
408 495 527 544 Quod
568 495 620 537 ad
666 496 775 537 vitae
817 511 947 547 genus
989 497 1179 549 pertinet,
1220 497 1382 539 iuvenis
1427 512 1523 540 cum
1568 499 1705 540 mimis
1746 504 1789 541 et

353 569 504 607 scurris
540 566 708 608 vivebat
745 570 787 607 et
816 571 1005 618 proterve
1034 567 1199 619 agebat,
1227 567 1339 618 quod
1368 567 1461 609 Val.
1494 568 1609 610 Max.
1640 568 1721 611 VI.
1750 571 1787 611 9.

356 638 392 677 6.
437 637 547 678 hisce
590 638 794 688 expressit
832 638 989 679 verbis:
1039 637 1111 690 „L.
1156 637 1273 679 Sulla
1301 651 1433 688 usque
1461 638 1515 680 ad
1541 643 1788 690 quaesturae

358 722 480 760 „suae
527 708 696 749 comitia
739 709 868 749 vitam
910 709 1093 761 libidine,
1140 709 1247 761 vino,
1292 708 1476 751 ludicrae
1511 710 1612 751 artis
1649 725 1790 752 amore

358 779 639 831 „inquinatam
670 779 876 830 perduxit.
906 780 1167 831 Quapropter
1196 780 1378 822 Marium
1394 763 1604 823 consulein
1618 782 1790 823 moleste

359 850 523 902 „tulisse
567 849 758 901 traditur,
801 850 911 900 quod
952 851 1028 892 sibi
1071 851 1346 902 asperrimum
1384 851 1427 892 in
1462 850 1605 892 Africa
1635 851 1791 893 bellum

358 920 542 972 „gerenti
585 925 670 961 tam
714 920 914 962 delicatus
957 925 1152 971 quaestor
1182 925 1291 962 sorte
1320 919 1587 963 obvenisset.''
1642 922 1790 974 Regno

356 995 497 1032 autem
542 995 743 1042 occupato
784 1005 879 1032 cum
921 991 1278 1043 impudentissimo
1320 1005 1497 1043 quoque,
1539 992 1709 1034 scenicis
1749 997 1791 1034 et

356 1061 636 1114 histrionibus,
667 1066 829 1112 praeter
857 1067 1036 1103 aetatem
1067 1067 1108 1104 et
1136 1062 1299 1114 imperii
1328 1063 1588 1104 meaistatem
1620 1064 1791 1115 potabat

357 1137 398 1174 ct
427 1133 607 1174 dicteriis
635 1133 959 1184 digladiabatur:
990 1148 1084 1174 cum
1113 1134 1217 1174 alias
1245 1134 1373 1175 tristis
1402 1138 1444 1175 et
1472 1148 1657 1176 morosus
1671 1139 1790 1188 esset,

355 1204 396 1244 in
426 1203 729 1254 compotatione
757 1207 798 1245 et
825 1204 1014 1245 convivio
1045 1204 1181 1245 mimis
1209 1208 1251 1245 et
1277 1204 1544 1246 saltatoribus
1563 1204 1791 1246 tractabilis

355 1279 397 1314 et
425 1274 616 1315 omnibus
644 1273 760 1315 aditu
789 1277 1002 1326 promptus
1032 1278 1133 1316 erat.

409 1345 478 1387 Ex
526 1345 688 1387 duabus
731 1350 874 1388 autem
920 1346 1238 1398 hereditatibus,
1280 1359 1461 1398 quarum
1506 1347 1641 1389 altera
1687 1348 1726 1389 ei
1766 1362 1792 1389 a

355 1417 573 1458 meretrice
617 1417 791 1468 vulgari,
831 1416 901 1458 sed
931 1417 1128 1468 opulenta
1157 1417 1383 1469 (Nicopoli)
1413 1416 1467 1469 1),
1497 1417 1630 1459 altera
1661 1432 1684 1459 a
1717 1431 1789 1459 no-

359 1502 482 1529 verca
524 1486 650 1535 venit,
692 1488 791 1528 satis
831 1487 972 1529 lautus
1010 1487 1101 1536 fuit,
1135 1492 1179 1529 ut
1207 1487 1425 1530 libidinose
1454 1492 1497 1530 et
1526 1487 1723 1530 dissolute
1753 1488 1792 1529 ci

357 1560 498 1600 vivere
525 1559 682 1600 liceret.

412 1630 547 1670 Nemo
575 1644 658 1671 non
686 1629 879 1681 perspicit
907 1643 1014 1680 quae
1042 1628 1294 1671 Plutarchus
1313 1632 1490 1679 utroque
1514 1629 1649 1680 capite
1665 1628 1792 1671 tradit

360 1715 440 1741 non
485 1714 508 1741 e
537 1700 844 1742 commentariis
878 1699 1027 1742 hausta
1054 1713 1154 1741 esse.
1211 1699 1359 1741 Gentis
1393 1713 1493 1741 suae
1521 1699 1616 1741 fatis
1643 1699 1792 1741 leviter

360 1772 597 1823 perstrictis,
628 1771 670 1823 2)
726 1786 817 1812 eam
848 1771 958 1812 vitae
986 1785 1085 1812 suae
1113 1774 1286 1822 partem,
1314 1783 1442 1821 quam
1476 1774 1607 1812 totam
1629 1770 1793 1813 libidini

357 1843 482 1895 dedit,
513 1843 674 1884 silentio
703 1843 962 1894 praeteriisse
993 1841 1114 1884 Sulla
1141 1841 1318 1883 videtur.

393 1914 479 1958 ,De
520 1914 608 1955 eius
648 1919 800 1954 natura
841 1917 882 1954 et
927 1913 1041 1953 cultu
1070 1912 1272 1963 imprimis
1300 1911 1521 1953 Sallustius
1549 1911 1592 1964 3)
1622 1911 1793 1953 audien-

361 1985 437 2026 dus
467 1990 546 2026 cst:
565 1985 762 2037 „Litteris
775 1984 947 2025 Graecis
961 1988 1087 2033 atque
1101 1983 1263 2024 Latinis
1275 1985 1401 2033 juxta
1418 1986 1543 2033 atque
1561 1982 1794 2024 doctissime

365 2056 600 2108 „cruditus3
644 2055 783 2096 animo
827 2055 999 2106 ingenti,
1034 2053 1206 2105 cupidus
1236 2053 1508 2104 voluptatum,
1537 2052 1608 2094 sed
1635 2052 1793 2104 gloriae

365 2126 594 2179 „cupidi0r3
623 2126 706 2167 otio
738 2126 950 2166 luxurioso
979 2139 1079 2176 esse,
1108 2128 1248 2165 tamen
1276 2123 1330 2165 ab
1360 2123 1536 2175 negotiis
1566 2137 1794 2174 numquam

365 2199 578 2250 „voluptas
625 2200 843 2248 remorata,
887 2196 965 2236 nisi
1008 2194 1118 2246 quod
1159 2194 1209 2235 de
1251 2194 1389 2238 uxore'.
1421 2194 1555 2244 potuit
1583 2193 1795 2234 honestius

368 2269 567 2321 „consuli3
596 2267 810 2318 facundus,
841 2266 1012 2307 callidus
1041 2270 1082 2306 et
1111 2265 1294 2306 amicitia
1322 2264 1454 2306 facilis
1482 2264 1534 2305 ad
1564 2263 1796 2305 simulanda

368 2341 556 2392 „negotia
584 2339 760 2381 altitudo
791 2338 948 2390 ingenii
977 2336 1307 2386 incredibilis34)
1337 2335 1564 2376 multarum
1593 2349 1733 2376 rerum
1750 2349 1797 2376 ac

417 2536 448 2576 l)
499 2533 545 2567 cf.
571 2532 675 2567 Plut.
702 2532 748 2567 de
774 2531 879 2566 Fert.
906 2531 1015 2565 Rom.
1050 2528 1189 2565 Reiske
1219 2528 1300 2564 VII
1331 2540 1365 2574 p.
1393 2529 1462 2563 263
1488 2527 1554 2563 ubi
1580 2526 1696 2562 huius
1718 2539 1797 2562 mu-

367 2581 470 2615 lieris
503 2579 645 2614 montio
677 2579 731 2614 fib.

414 2646 448 2689 2)
500 2644 651 2679 Gellius
680 2645 710 2679 Ι.
740 2646 793 2679 12.
825 2645 882 2679 16.

416 2711 449 2753 3)
500 2710 590 2744 Sall.
619 2709 661 2744 B.
690 2709 774 2754 lug.
802 2722 831 2743 c.
863 2709 918 2743 95.

416 2777 450 2817 t)
500 2773 607 2808 Haec
646 2773 879 2808 conveniunt
920 2784 1008 2807 cum
1047 2771 1093 2805 iis
1132 2782 1229 2818 quae
1257 2770 1321 2805 Cn.
1356 2769 1536 2815 Papirius
1571 2769 1692 2804 Carbo
1719 2768 1801 2803 eius

370 2821 610 2855 adversarius
637 2821 683 2855 de
711 2833 754 2855 eo
779 2820 909 2854 sentit:
937 2821 981 2860 ὡς
1011 2821 1163 2856 ἀλώπεκι
1193 2820 1252 2854 καὶ
1280 2820 1391 2854 λέοντι
1410 2819 1565 2867 πολεμῶν
1586 2819 1619 2853 ἐν
1636 2823 1676 2856 τὴ
1694 2817 1802 2868 Σύλλᾳ

369 2876 465 2925 Νιβμχῂ
497 2880 717 2910 κατοικοῦσιν
747 2874 814 2910 ὑπὸ
845 2879 905 2916 τῆς
936 2875 1108 2914 ἀλώπεκος
1138 2874 1263 2922 ἀνιῷτο
1293 2873 1435 2923 μᾶλλον,
