<?xml version="1.0" encoding="UTF-8"?>
<!DOCTYPE html PUBLIC "-//W3C//DTD XHTML 1.0 Transitional//EN"
    "http://www.w3.org/TR/xhtml1/DTD/xhtml1-transitional.dtd">
<html xmlns="http://www.w3.org/1999/xhtml" xml:lang="en" lang="en">
 <head>
  <title>
</title>
<meta http-equiv="Content-Type" content="text/html;charset=utf-8" />
  <meta name='ocr-system' content='tesseract 3.04.00' />
  <meta name='ocr-capabilities' content='ocr_page ocr_carea ocr_par ocr_line ocrx_word'/>
</head>
<body>
  <div class='ocr_page' id='page_1' title='image "./observationesinp00oppeuoft_0052.png"; bbox 0 0 1988 3366; ppageno 0'>
   <div class='ocr_carea' id='block_1_1' title="bbox 1030 305 1084 346">
    <p class='ocr_par' dir='ltr' id='par_1_1' title="bbox 1030 305 1084 346">
     <span class='ocr_line' id='line_1_1' title="bbox 1030 305 1084 346; baseline 0 0"><span class='ocrx_word' id='word_1_1' title='bbox 1030 305 1084 346; x_wconf 88' lang='lat'>40</span> 
     </span>
    </p>
   </div>
   <div class='ocr_carea' id='block_1_2' title="bbox 338 487 1813 2318">
    <p class='ocr_par' dir='ltr' id='par_1_2' title="bbox 342 487 1776 753">
     <span class='ocr_line' id='line_1_2' title="bbox 397 487 1770 541; baseline -0.001 -11"><span class='ocrx_word' id='word_1_2' title='bbox 397 489 525 530; x_wconf 87' lang='lat' dir='ltr'>Hisce</span> <span class='ocrx_word' id='word_1_3' title='bbox 579 489 704 530; x_wconf 90' lang='lat' dir='ltr'>rebus</span> <span class='ocrx_word' id='word_1_4' title='bbox 746 489 902 530; x_wconf 88' lang='lat' dir='ltr'>factum</span> <span class='ocrx_word' id='word_1_5' title='bbox 942 502 1041 541; x_wconf 76' lang='lat' dir='ltr'>osse,</span> <span class='ocrx_word' id='word_1_6' title='bbox 1082 492 1130 530; x_wconf 87' lang='lat' dir='ltr'>ut</span> <span class='ocrx_word' id='word_1_7' title='bbox 1168 489 1296 530; x_wconf 89' lang='lat' dir='ltr'>etiam</span> <span class='ocrx_word' id='word_1_8' title='bbox 1335 487 1560 530; x_wconf 83' lang='lat' dir='ltr'>tribunicia</span> <span class='ocrx_word' id='word_1_9' title='bbox 1600 487 1770 530; x_wconf 87' lang='lat' dir='ltr'>licentia</span> 
     </span>
     <span class='ocr_line' id='line_1_3' title="bbox 344 555 1776 612; baseline 0.001 -11"><span class='ocrx_word' id='word_1_10' title='bbox 344 563 615 612; x_wconf 78' lang='lat' dir='ltr'>coerceretur,</span> <span class='ocrx_word' id='word_1_11' title='bbox 657 560 701 600; x_wconf 88' lang='lat' dir='ltr'>in</span> <span class='ocrx_word' id='word_1_12' title='bbox 750 562 945 611; x_wconf 88' lang='lat' dir='ltr'>promptu</span> <span class='ocrx_word' id='word_1_13' title='bbox 985 565 1046 600; x_wconf 82' lang='lat' dir='ltr'>est</span> <span class='ocrx_word' id='word_1_14' title='bbox 1075 563 1200 611; x_wconf 86' lang='lat' dir='ltr'>atque</span> <span class='ocrx_word' id='word_1_15' title='bbox 1235 572 1284 600; x_wconf 90' lang='lat' dir='ltr'>eo</span> <span class='ocrx_word' id='word_1_16' title='bbox 1314 559 1495 610; x_wconf 84' lang='lat' dir='ltr'>Appiani</span> <span class='ocrx_word' id='word_1_17' title='bbox 1524 559 1651 601; x_wconf 89' lang='lat' dir='ltr'>verba</span> <span class='ocrx_word' id='word_1_18' title='bbox 1677 555 1776 612; x_wconf 39' lang='lat' dir='ltr'>per-¹</span> 
     </span>
     <span class='ocr_line' id='line_1_4' title="bbox 344 628 1769 683; baseline 0.001 -12"><span class='ocrx_word' id='word_1_19' title='bbox 344 631 498 679; x_wconf 85' lang='lat' dir='ltr'>tinent:</span> <span class='ocrx_word' id='word_1_20' title='bbox 544 629 679 672; x_wconf 71' lang='grc' dir='ltr'><em>πολλοὶ</em></span> <span class='ocrx_word' id='word_1_21' title='bbox 720 646 764 671; x_wconf 91' lang='grc' dir='ltr'>τε</span> <span class='ocrx_word' id='word_1_22' title='bbox 808 628 919 671; x_wconf 71' lang='grc' dir='ltr'>ἄλλα</span> <span class='ocrx_word' id='word_1_23' title='bbox 956 634 1024 678; x_wconf 76' lang='grc' dir='ltr'>τῆς</span> <span class='ocrx_word' id='word_1_24' title='bbox 1052 633 1124 672; x_wconf 75' lang='grc' dir='ltr'><em>τῶν</em></span> <span class='ocrx_word' id='word_1_25' title='bbox 1153 628 1366 682; x_wconf 71' lang='grc' dir='ltr'><em>δημαρχων</em></span> <span class='ocrx_word' id='word_1_26' title='bbox 1397 630 1524 682; x_wconf 71' lang='grc' dir='ltr'><em>ἀρχῆς</em></span> <span class='ocrx_word' id='word_1_27' title='bbox 1551 636 1769 683; x_wconf 73' lang='grc' dir='ltr'><em>τυραννικῆς</em></span> 
     </span>
     <span class='ocr_line' id='line_1_5' title="bbox 342 699 1417 753; baseline -0.002 -10"><span class='ocrx_word' id='word_1_28' title='bbox 342 700 526 752; x_wconf 76' lang='grc' dir='ltr'><em>μαλιστα</em></span> <span class='ocrx_word' id='word_1_29' title='bbox 556 699 815 751; x_wconf 67' lang='grc' dir='ltr'>γεγενημένης</span> <span class='ocrx_word' id='word_1_30' title='bbox 843 699 1079 753; x_wconf 77' lang='grc' dir='ltr'><em>περιελόντες</em></span> <span class='ocrx_word' id='word_1_31' title='bbox 1111 700 1331 752; x_wconf 78' lang='lat' dir='ltr'>(consules)</span> <span class='ocrx_word' id='word_1_32' title='bbox 1364 699 1417 752; x_wconf 91' lang='lat' dir='ltr'>l).</span> 
     </span>
    </p>

    <p class='ocr_par' dir='ltr' id='par_1_3' title="bbox 338 771 1813 1536">
     <span class='ocr_line' id='line_1_6' title="bbox 398 771 1769 825; baseline 0.001 -12"><span class='ocrx_word' id='word_1_33' title='bbox 398 773 559 822; x_wconf 79' lang='lat' dir='ltr'>Quibus</span> <span class='ocrx_word' id='word_1_34' title='bbox 596 772 832 814; x_wconf 86' lang='lat' dir='ltr'>constitutis</span> <span class='ocrx_word' id='word_1_35' title='bbox 860 771 976 814; x_wconf 79' lang='lat' dir='ltr'>Sulla</span> <span class='ocrx_word' id='word_1_36' title='bbox 1003 772 1187 824; x_wconf 82' lang='lat' dir='ltr'>legiones</span> <span class='ocrx_word' id='word_1_37' title='bbox 1215 771 1402 823; x_wconf 82' lang='lat' dir='ltr'>Capuam</span> <span class='ocrx_word' id='word_1_38' title='bbox 1428 772 1654 825; x_wconf 75' lang='lat' dir='ltr'>praemisit,</span> <span class='ocrx_word' id='word_1_39' title='bbox 1681 772 1769 824; x_wconf 89' lang='lat' dir='ltr'>ipse</span> 
     </span>
     <span class='ocr_line' id='line_1_7' title="bbox 343 839 1772 895; baseline 0.001 -10"><span class='ocrx_word' id='word_1_40' title='bbox 343 845 386 885; x_wconf 90' lang='lat' dir='ltr'>in</span> <span class='ocrx_word' id='word_1_41' title='bbox 417 844 532 886; x_wconf 88' lang='lat' dir='ltr'>Urbe</span> <span class='ocrx_word' id='word_1_42' title='bbox 562 844 760 885; x_wconf 77' lang='lat' dir='ltr'>remansit</span> <span class='ocrx_word' id='word_1_43' title='bbox 789 842 843 884; x_wconf 86' lang='lat' dir='ltr'>ad</span> <span class='ocrx_word' id='word_1_44' title='bbox 871 843 1037 885; x_wconf 86' lang='lat' dir='ltr'>comitia</span> <span class='ocrx_word' id='word_1_45' title='bbox 1065 843 1295 885; x_wconf 87' lang='lat' dir='ltr'>consularia</span> <span class='ocrx_word' id='word_1_46' title='bbox 1308 842 1513 885; x_wconf 88' lang='lat' dir='ltr'>habenda.</span> <span class='ocrx_word' id='word_1_47' title='bbox 1570 839 1772 895; x_wconf 81' lang='lat' dir='ltr'>Sperabat</span> 
     </span>
     <span class='ocr_line' id='line_1_8' title="bbox 341 914 1770 968; baseline 0.001 -12"><span class='ocrx_word' id='word_1_48' title='bbox 341 916 441 968; x_wconf 87' lang='lat' dir='ltr'>fore,</span> <span class='ocrx_word' id='word_1_49' title='bbox 471 919 519 956; x_wconf 92' lang='lat' dir='ltr'>ut</span> <span class='ocrx_word' id='word_1_50' title='bbox 547 914 721 967; x_wconf 90' lang='lat' dir='ltr'>Nonius,</span> <span class='ocrx_word' id='word_1_51' title='bbox 751 914 901 956; x_wconf 89' lang='lat' dir='ltr'>sororis</span> <span class='ocrx_word' id='word_1_52' title='bbox 920 914 1030 955; x_wconf 90' lang='lat' dir='ltr'>filius</span> <span class='ocrx_word' id='word_1_53' title='bbox 1051 918 1093 955; x_wconf 86' lang='lat' dir='ltr'>et</span> <span class='ocrx_word' id='word_1_54' title='bbox 1113 914 1294 967; x_wconf 83' lang='lat' dir='ltr'>Servius,</span> <span class='ocrx_word' id='word_1_55' title='bbox 1313 914 1367 955; x_wconf 88' lang='lat' dir='ltr'>ab</span> <span class='ocrx_word' id='word_1_56' title='bbox 1385 914 1473 966; x_wconf 88' lang='lat' dir='ltr'>ipso</span> <span class='ocrx_word' id='word_1_57' title='bbox 1491 914 1770 957; x_wconf 86' lang='lat' dir='ltr'>commendati</span> 
     </span>
     <span class='ocr_line' id='line_1_9' title="bbox 341 984 1770 1038; baseline 0 -11"><span class='ocrx_word' id='word_1_58' title='bbox 341 986 529 1028; x_wconf 90' lang='lat' dir='ltr'>consules</span> <span class='ocrx_word' id='word_1_59' title='bbox 571 985 899 1038; x_wconf 79' lang='lat' dir='ltr'>designarentur,</span> <span class='ocrx_word' id='word_1_60' title='bbox 941 985 1097 1026; x_wconf 85' lang='lat' dir='ltr'>veritus</span> <span class='ocrx_word' id='word_1_61' title='bbox 1137 998 1190 1026; x_wconf 92' lang='lat' dir='ltr'>ne</span> <span class='ocrx_word' id='word_1_62' title='bbox 1240 998 1283 1026; x_wconf 88' lang='lat' dir='ltr'>se</span> <span class='ocrx_word' id='word_1_63' title='bbox 1325 984 1496 1026; x_wconf 78' lang='lat' dir='ltr'>absente</span> <span class='ocrx_word' id='word_1_64' title='bbox 1537 985 1770 1037; x_wconf 85' lang='lat' dir='ltr'>respublica</span> 
     </span>
     <span class='ocr_line' id='line_1_10' title="bbox 342 1055 1772 1108; baseline 0.001 -10"><span class='ocrx_word' id='word_1_65' title='bbox 342 1057 478 1099; x_wconf 89' lang='lat' dir='ltr'>denuo</span> <span class='ocrx_word' id='word_1_66' title='bbox 518 1057 858 1108; x_wconf 81' lang='lat' dir='ltr'>perturbaretur:</span> <span class='ocrx_word' id='word_1_67' title='bbox 902 1069 1008 1107; x_wconf 85' lang='lat' dir='ltr'>quae</span> <span class='ocrx_word' id='word_1_68' title='bbox 1046 1070 1137 1107; x_wconf 91' lang='lat' dir='ltr'>spes</span> <span class='ocrx_word' id='word_1_69' title='bbox 1166 1070 1263 1097; x_wconf 88' lang='lat' dir='ltr'>eum</span> <span class='ocrx_word' id='word_1_70' title='bbox 1290 1055 1448 1097; x_wconf 88' lang='lat' dir='ltr'>fefellit.</span> <span class='ocrx_word' id='word_1_71' title='bbox 1505 1055 1646 1098; x_wconf 84' lang='lat' dir='ltr'>Oreati</span> <span class='ocrx_word' id='word_1_72' title='bbox 1674 1061 1772 1099; x_wconf 87' lang='lat' dir='ltr'>sunt</span> 
     </span>
     <span class='ocr_line' id='line_1_11' title="bbox 342 1126 1772 1180; baseline -0.001 -10"><span class='ocrx_word' id='word_1_73' title='bbox 342 1128 416 1170; x_wconf 80' lang='lat' dir='ltr'>Cn.</span> <span class='ocrx_word' id='word_1_74' title='bbox 447 1128 644 1169; x_wconf 86' lang='lat' dir='ltr'>Octavius</span> <span class='ocrx_word' id='word_1_75' title='bbox 673 1131 715 1169; x_wconf 91' lang='lat' dir='ltr'>et</span> <span class='ocrx_word' id='word_1_76' title='bbox 742 1127 792 1169; x_wconf 90' lang='lat' dir='ltr'>L.</span> <span class='ocrx_word' id='word_1_77' title='bbox 820 1126 943 1168; x_wconf 80' lang='lat' dir='ltr'>Corn.</span> <span class='ocrx_word' id='word_1_78' title='bbox 975 1126 1121 1180; x_wconf 82' lang='lat' dir='ltr'>Cinna,</span> <span class='ocrx_word' id='word_1_79' title='bbox 1149 1139 1326 1178; x_wconf 88' lang='lat' dir='ltr'>quorum</span> <span class='ocrx_word' id='word_1_80' title='bbox 1351 1126 1458 1169; x_wconf 88' lang='lat' dir='ltr'>alter</span> <span class='ocrx_word' id='word_1_81' title='bbox 1485 1127 1550 1169; x_wconf 91' lang='lat' dir='ltr'>vir</span> <span class='ocrx_word' id='word_1_82' title='bbox 1562 1130 1772 1179; x_wconf 78' lang='lat' dir='ltr'>spectatae</span> 
     </span>
     <span class='ocr_line' id='line_1_12' title="bbox 338 1193 1765 1252; baseline 0.001 -12"><span class='ocrx_word' id='word_1_83' title='bbox 338 1199 633 1241; x_wconf 77' lang='lat' dir='ltr'>moderationis</span> <span class='ocrx_word' id='word_1_84' title='bbox 682 1199 948 1250; x_wconf 89' lang='lat' dir='ltr'>optimatium</span> <span class='ocrx_word' id='word_1_85' title='bbox 995 1202 1133 1250; x_wconf 81' lang='lat' dir='ltr'>partes</span> <span class='ocrx_word' id='word_1_86' title='bbox 1174 1198 1436 1249; x_wconf 79' lang='lat' dir='ltr'>sequebatur,</span> <span class='ocrx_word' id='word_1_87' title='bbox 1479 1193 1597 1252; x_wconf 77' lang='lat' dir='ltr'>alter,</span> <span class='ocrx_word' id='word_1_88' title='bbox 1641 1199 1765 1242; x_wconf 90' lang='lat' dir='ltr'>homo</span> 
     </span>
     <span class='ocr_line' id='line_1_13' title="bbox 340 1267 1768 1322; baseline 0.001 -12"><span class='ocrx_word' id='word_1_89' title='bbox 340 1270 527 1311; x_wconf 88' lang='lat' dir='ltr'>omnium</span> <span class='ocrx_word' id='word_1_90' title='bbox 559 1269 878 1322; x_wconf 78' lang='lat' dir='ltr'>crudelissimus,</span> <span class='ocrx_word' id='word_1_91' title='bbox 906 1284 932 1310; x_wconf 89' lang='lat' dir='ltr'>a</span> <span class='ocrx_word' id='word_1_92' title='bbox 961 1269 1229 1321; x_wconf 85' lang='lat' dir='ltr'>popularibus</span> <span class='ocrx_word' id='word_1_93' title='bbox 1256 1269 1444 1321; x_wconf 88' lang='lat' dir='ltr'>partibus</span> <span class='ocrx_word' id='word_1_94' title='bbox 1472 1267 1632 1312; x_wconf 60' lang='lat' dir='ltr'>stabat?</span> <span class='ocrx_word' id='word_1_95' title='bbox 1651 1270 1768 1312; x_wconf 78' lang='lat' dir='ltr'>Sulla</span> 
     </span>
     <span class='ocr_line' id='line_1_14' title="bbox 340 1340 1769 1394; baseline 0.001 -12"><span class='ocrx_word' id='word_1_96' title='bbox 340 1340 522 1394; x_wconf 86' lang='lat' dir='ltr'>quidem,</span> <span class='ocrx_word' id='word_1_97' title='bbox 564 1345 611 1382; x_wconf 89' lang='lat' dir='ltr'>ut</span> <span class='ocrx_word' id='word_1_98' title='bbox 650 1346 740 1383; x_wconf 89' lang='lat' dir='ltr'>erat</span> <span class='ocrx_word' id='word_1_99' title='bbox 782 1342 898 1384; x_wconf 90' lang='lat' dir='ltr'>cuius</span> <span class='ocrx_word' id='word_1_100' title='bbox 940 1343 1001 1384; x_wconf 89' lang='lat' dir='ltr'>rei</span> <span class='ocrx_word' id='word_1_101' title='bbox 1040 1342 1143 1384; x_wconf 91' lang='lat' dir='ltr'>libet</span> <span class='ocrx_word' id='word_1_102' title='bbox 1178 1341 1393 1383; x_wconf 90' lang='lat' dir='ltr'>simulator</span> <span class='ocrx_word' id='word_1_103' title='bbox 1420 1345 1463 1384; x_wconf 91' lang='lat' dir='ltr'>et</span> <span class='ocrx_word' id='word_1_104' title='bbox 1489 1341 1769 1384; x_wconf 84' lang='lat' dir='ltr'>dissimulator</span> 
     </span>
     <span class='ocr_line' id='line_1_15' title="bbox 342 1411 1813 1466; baseline 0.002 -13"><span class='ocrx_word' id='word_1_105' title='bbox 342 1417 601 1464; x_wconf 85' lang='grc' dir='ltr'><em>προςεποιεῖτο</em></span> <span class='ocrx_word' id='word_1_106' title='bbox 644 1413 791 1466; x_wconf 79' lang='grc' dir='ltr'><em>χαίρειν</em></span> <span class='ocrx_word' id='word_1_107' title='bbox 835 1415 881 1457; x_wconf 68' lang='grc' dir='ltr'>ὡς</span> <span class='ocrx_word' id='word_1_108' title='bbox 924 1416 990 1455; x_wconf 77' lang='grc' dir='ltr'>τοῦ</span> <span class='ocrx_word' id='word_1_109' title='bbox 1035 1413 1157 1464; x_wconf 71' lang='grc' dir='ltr'><em>δήμου</em></span> <span class='ocrx_word' id='word_1_110' title='bbox 1191 1414 1244 1466; x_wconf 79' lang='grc' dir='ltr'>τῷ</span> <span class='ocrx_word' id='word_1_111' title='bbox 1289 1417 1405 1455; x_wconf 78' lang='grc' dir='ltr'><em>ποιεῖν</em></span> <span class='ocrx_word' id='word_1_112' title='bbox 1443 1411 1471 1454; x_wconf 68' lang='grc' dir='ltr'>οἳ</span> <span class='ocrx_word' id='word_1_113' title='bbox 1499 1413 1690 1464; x_wconf 81' lang='grc' dir='ltr'><em>βούλοιτο,</em></span> <span class='ocrx_word' id='word_1_114' title='bbox 1719 1414 1767 1456; x_wconf 77' lang='grc' dir='ltr'>δι’</span> <span class='ocrx_word' id='word_1_115' title='bbox 1810 1432 1813 1434; x_wconf 92' lang='grc'><em>·</em></span> 
     </span>
     <span class='ocr_line' id='line_1_16' title="bbox 341 1483 1097 1536; baseline 0.001 -12"><span class='ocrx_word' id='word_1_116' title='bbox 341 1484 456 1525; x_wconf 81' lang='grc' dir='ltr'><em>αὑτὸν</em></span> <span class='ocrx_word' id='word_1_117' title='bbox 487 1483 754 1530; x_wconf 66' lang='grc' dir='ltr'>ἀπολαύοντος</span> <span class='ocrx_word' id='word_1_118' title='bbox 782 1489 849 1532; x_wconf 67' lang='grc' dir='ltr'>τῆς</span> <span class='ocrx_word' id='word_1_119' title='bbox 877 1483 1097 1536; x_wconf 77' lang='grc' dir='ltr'><em>ἐλευθερίας.</em></span> 
     </span>
    </p>

    <p class='ocr_par' dir='ltr' id='par_1_4' title="bbox 339 1555 1770 2318">
     <span class='ocr_line' id='line_1_17' title="bbox 397 1555 1770 1608; baseline 0.001 -12"><span class='ocrx_word' id='word_1_120' title='bbox 397 1555 650 1596; x_wconf 78' lang='lat' dir='ltr'>Plutarchus</span> <span class='ocrx_word' id='word_1_121' title='bbox 698 1555 821 1596; x_wconf 91' lang='lat' dir='ltr'>huius</span> <span class='ocrx_word' id='word_1_122' title='bbox 869 1555 1059 1607; x_wconf 85' lang='lat' dir='ltr'>repulsae</span> <span class='ocrx_word' id='word_1_123' title='bbox 1104 1569 1272 1597; x_wconf 87' lang='lat' dir='ltr'>causam</span> <span class='ocrx_word' id='word_1_124' title='bbox 1313 1556 1455 1608; x_wconf 92' lang='lat' dir='ltr'>populi</span> <span class='ocrx_word' id='word_1_125' title='bbox 1495 1556 1583 1598; x_wconf 84' lang='lat' dir='ltr'>irae</span> <span class='ocrx_word' id='word_1_126' title='bbox 1623 1556 1770 1598; x_wconf 88' lang='lat' dir='ltr'>tribuit</span> 
     </span>
     <span class='ocr_line' id='line_1_18' title="bbox 340 1625 1768 1678; baseline 0 -12"><span class='ocrx_word' id='word_1_127' title='bbox 340 1625 608 1678; x_wconf 87' lang='lat' dir='ltr'>indignantis,</span> <span class='ocrx_word' id='word_1_128' title='bbox 650 1625 760 1676; x_wconf 87' lang='lat' dir='ltr'>quod</span> <span class='ocrx_word' id='word_1_129' title='bbox 802 1630 888 1667; x_wconf 87' lang='lat' dir='ltr'>tam</span> <span class='ocrx_word' id='word_1_130' title='bbox 928 1626 1092 1677; x_wconf 85' lang='lat' dir='ltr'>ingrato</span> <span class='ocrx_word' id='word_1_131' title='bbox 1125 1626 1265 1667; x_wconf 89' lang='lat' dir='ltr'>animo</span> <span class='ocrx_word' id='word_1_132' title='bbox 1293 1639 1393 1678; x_wconf 86' lang='lat' dir='ltr'>erga</span> <span class='ocrx_word' id='word_1_133' title='bbox 1421 1626 1604 1668; x_wconf 86' lang='lat' dir='ltr'>Marium</span> <span class='ocrx_word' id='word_1_134' title='bbox 1630 1626 1768 1669; x_wconf 89' lang='lat' dir='ltr'>fuerit.</span> 
     </span>
     <span class='ocr_line' id='line_1_19' title="bbox 340 1696 1768 1750; baseline 0.001 -12"><span class='ocrx_word' id='word_1_135' title='bbox 340 1696 434 1738; x_wconf 93' lang='lat' dir='ltr'>Hoc</span> <span class='ocrx_word' id='word_1_136' title='bbox 461 1701 602 1738; x_wconf 89' lang='lat' dir='ltr'>autem</span> <span class='ocrx_word' id='word_1_137' title='bbox 630 1701 693 1738; x_wconf 89' lang='lat' dir='ltr'>est</span> <span class='ocrx_word' id='word_1_138' title='bbox 711 1698 835 1738; x_wconf 89' lang='lat' dir='ltr'>nimis</span> <span class='ocrx_word' id='word_1_139' title='bbox 855 1697 978 1738; x_wconf 87' lang='lat' dir='ltr'>Marii</span> <span class='ocrx_word' id='word_1_140' title='bbox 997 1697 1156 1749; x_wconf 83' lang='lat' dir='ltr'>gratiae</span> <span class='ocrx_word' id='word_1_141' title='bbox 1179 1696 1431 1750; x_wconf 88' lang='lat' dir='ltr'>adscribere;</span> <span class='ocrx_word' id='word_1_142' title='bbox 1454 1697 1603 1739; x_wconf 80' lang='lat' dir='ltr'>deinde</span> <span class='ocrx_word' id='word_1_143' title='bbox 1620 1711 1768 1750; x_wconf 87' lang='lat' dir='ltr'>parum</span> 
     </span>
     <span class='ocr_line' id='line_1_20' title="bbox 340 1767 1770 1820; baseline 0.001 -12"><span class='ocrx_word' id='word_1_144' title='bbox 340 1771 576 1819; x_wconf 87' lang='lat' dir='ltr'>temporum</span> <span class='ocrx_word' id='word_1_145' title='bbox 617 1768 821 1809; x_wconf 87' lang='lat' dir='ltr'>rationem</span> <span class='ocrx_word' id='word_1_146' title='bbox 863 1767 967 1809; x_wconf 90' lang='lat' dir='ltr'>mihi</span> <span class='ocrx_word' id='word_1_147' title='bbox 997 1782 1113 1809; x_wconf 88' lang='lat' dir='ltr'>nosse</span> <span class='ocrx_word' id='word_1_148' title='bbox 1143 1767 1321 1809; x_wconf 89' lang='lat' dir='ltr'>videtur.</span> <span class='ocrx_word' id='word_1_149' title='bbox 1376 1767 1554 1820; x_wconf 85' lang='lat' dir='ltr'>Propius</span> <span class='ocrx_word' id='word_1_150' title='bbox 1581 1782 1680 1811; x_wconf 88' lang='lat' dir='ltr'>vero</span> <span class='ocrx_word' id='word_1_151' title='bbox 1707 1772 1770 1810; x_wconf 88' lang='lat' dir='ltr'>est</span> 
     </span>
     <span class='ocr_line' id='line_1_21' title="bbox 339 1838 1767 1892; baseline 0 -12"><span class='ocrx_word' id='word_1_152' title='bbox 339 1838 449 1889; x_wconf 84' lang='lat' dir='ltr'>quod</span> <span class='ocrx_word' id='word_1_153' title='bbox 494 1839 727 1880; x_wconf 86' lang='lat' dir='ltr'>Mommsen</span> <span class='ocrx_word' id='word_1_154' title='bbox 763 1840 805 1888; x_wconf 83' lang='lat'>2)</span> <span class='ocrx_word' id='word_1_155' title='bbox 837 1839 995 1880; x_wconf 85' lang='lat' dir='ltr'>scribit:</span> <span class='ocrx_word' id='word_1_156' title='bbox 1057 1838 1375 1892; x_wconf 87' lang='lat' dir='ltr'>„Vermuthlich</span> <span class='ocrx_word' id='word_1_157' title='bbox 1420 1853 1507 1880; x_wconf 86' lang='lat' dir='ltr'>war</span> <span class='ocrx_word' id='word_1_158' title='bbox 1548 1853 1592 1880; x_wconf 88' lang='lat' dir='ltr'>es</span> <span class='ocrx_word' id='word_1_159' title='bbox 1619 1838 1767 1891; x_wconf 87' lang='lat' dir='ltr'>haupt-</span> 
     </span>
     <span class='ocr_line' id='line_1_22' title="bbox 343 1909 1767 1962; baseline 0.001 -12"><span class='ocrx_word' id='word_1_160' title='bbox 343 1909 549 1962; x_wconf 68' lang='lat' dir='ltr'>„sachlich</span> <span class='ocrx_word' id='word_1_161' title='bbox 591 1909 657 1951; x_wconf 90' lang='lat' dir='ltr'>die</span> <span class='ocrx_word' id='word_1_162' title='bbox 696 1909 1116 1962; x_wconf 82' lang='lat' dir='ltr'>Capitalistenpartei,</span> <span class='ocrx_word' id='word_1_163' title='bbox 1145 1909 1210 1952; x_wconf 90' lang='lat' dir='ltr'>die</span> <span class='ocrx_word' id='word_1_164' title='bbox 1241 1910 1318 1951; x_wconf 90' lang='lat' dir='ltr'>mit</span> <span class='ocrx_word' id='word_1_165' title='bbox 1346 1909 1479 1951; x_wconf 87' lang='lat' dir='ltr'>dieser</span> <span class='ocrx_word' id='word_1_166' title='bbox 1507 1909 1639 1951; x_wconf 82' lang='lat' dir='ltr'>Wahl</span> <span class='ocrx_word' id='word_1_167' title='bbox 1671 1909 1767 1951; x_wconf 91' lang='lat' dir='ltr'>dem</span> 
     </span>
     <span class='ocr_line' id='line_1_23' title="bbox 344 1980 1768 2033; baseline 0.001 -12"><span class='ocrx_word' id='word_1_168' title='bbox 344 1980 560 2033; x_wconf 84' lang='lat' dir='ltr'>„Urhebcr</span> <span class='ocrx_word' id='word_1_169' title='bbox 603 1980 674 2021; x_wconf 89' lang='lat' dir='ltr'>des</span> <span class='ocrx_word' id='word_1_170' title='bbox 707 1981 990 2032; x_wconf 82' lang='lat' dir='ltr'>Zinsgesetzes</span> <span class='ocrx_word' id='word_1_171' title='bbox 1025 1981 1226 2033; x_wconf 85' lang='lat' dir='ltr'>vergalt.&#39;’</span> <span class='ocrx_word' id='word_1_172' title='bbox 1282 1980 1456 2032; x_wconf 86' lang='lat' dir='ltr'>Equites</span> <span class='ocrx_word' id='word_1_173' title='bbox 1485 1995 1617 2033; x_wconf 88' lang='lat' dir='ltr'>porr0,</span> <span class='ocrx_word' id='word_1_174' title='bbox 1646 1981 1768 2023; x_wconf 90' lang='lat' dir='ltr'>veriti</span> 
     </span>
     <span class='ocr_line' id='line_1_24' title="bbox 341 2051 1766 2104; baseline 0.001 -12"><span class='ocrx_word' id='word_1_175' title='bbox 341 2066 393 2093; x_wconf 88' lang='lat' dir='ltr'>ne</span> <span class='ocrx_word' id='word_1_176' title='bbox 436 2052 588 2093; x_wconf 87' lang='lat' dir='ltr'>iudicia</span> <span class='ocrx_word' id='word_1_177' title='bbox 629 2053 705 2093; x_wconf 85' lang='lat' dir='ltr'>sibi</span> <span class='ocrx_word' id='word_1_178' title='bbox 750 2053 1022 2104; x_wconf 76' lang='lat' dir='ltr'>eriperentur,</span> <span class='ocrx_word' id='word_1_179' title='bbox 1064 2067 1147 2093; x_wconf 84' lang='lat' dir='ltr'>uua</span> <span class='ocrx_word' id='word_1_180' title='bbox 1189 2066 1282 2094; x_wconf 90' lang='lat' dir='ltr'>cum</span> <span class='ocrx_word' id='word_1_181' title='bbox 1330 2051 1450 2103; x_wconf 90' lang='lat' dir='ltr'>plebe</span> <span class='ocrx_word' id='word_1_182' title='bbox 1487 2052 1645 2094; x_wconf 90' lang='lat' dir='ltr'>nobiles</span> <span class='ocrx_word' id='word_1_183' title='bbox 1673 2051 1766 2093; x_wconf 89' lang='lat' dir='ltr'>odio</span> 
     </span>
     <span class='ocr_line' id='line_1_25' title="bbox 341 2122 1768 2175; baseline 0 -11"><span class='ocrx_word' id='word_1_184' title='bbox 341 2123 589 2174; x_wconf 78' lang='lat' dir='ltr'>habuerunt,</span> <span class='ocrx_word' id='word_1_185' title='bbox 632 2124 758 2164; x_wconf 88' lang='lat' dir='ltr'>immo</span> <span class='ocrx_word' id='word_1_186' title='bbox 786 2124 967 2175; x_wconf 89' lang='lat' dir='ltr'>partium</span> <span class='ocrx_word' id='word_1_187' title='bbox 998 2123 1261 2174; x_wconf 88' lang='lat' dir='ltr'>popularium</span> <span class='ocrx_word' id='word_1_188' title='bbox 1290 2123 1398 2164; x_wconf 78' lang='lat' dir='ltr'>vires</span> <span class='ocrx_word' id='word_1_189' title='bbox 1425 2123 1605 2164; x_wconf 89' lang='lat' dir='ltr'>fuerunt.</span> <span class='ocrx_word' id='word_1_190' title='bbox 1664 2122 1768 2164; x_wconf 88' lang='lat' dir='ltr'>Inde</span> 
     </span>
     <span class='ocr_line' id='line_1_26' title="bbox 342 2192 1764 2246; baseline 0.001 -12"><span class='ocrx_word' id='word_1_191' title='bbox 342 2194 545 2244; x_wconf 77' lang='lat' dir='ltr'>Sulpicius</span> <span class='ocrx_word' id='word_1_192' title='bbox 586 2195 725 2241; x_wconf 69' lang='grc' dir='ltr'><em>πλῆθος</em></span> <span class='ocrx_word' id='word_1_193' title='bbox 773 2195 938 2235; x_wconf 68' lang='grc' dir='ltr'><em>ἱππικῶν</em></span> <span class='ocrx_word' id='word_1_194' title='bbox 980 2193 1180 2235; x_wconf 82' lang='grc' dir='ltr'><em>νεανίσκων</em></span> <span class='ocrx_word' id='word_1_195' title='bbox 1222 2194 1312 2246; x_wconf 77' lang='grc' dir='ltr'><em>πρὸς</em></span> <span class='ocrx_word' id='word_1_196' title='bbox 1351 2192 1463 2235; x_wconf 74' lang='grc' dir='ltr'><em>ἅπαν</em></span> <span class='ocrx_word' id='word_1_197' title='bbox 1492 2193 1650 2244; x_wconf 76' lang='grc' dir='ltr'><em>ἑτοίμων</em></span> <span class='ocrx_word' id='word_1_198' title='bbox 1680 2194 1764 2246; x_wconf 75' lang='grc' dir='ltr'><em>περὶ</em></span> 
     </span>
     <span class='ocr_line' id='line_1_27' title="bbox 340 2261 1768 2318; baseline 0 -14"><span class='ocrx_word' id='word_1_199' title='bbox 340 2266 454 2306; x_wconf 66' lang='grc' dir='ltr'><em>αὑτὸν</em></span> <span class='ocrx_word' id='word_1_200' title='bbox 493 2261 611 2316; x_wconf 75' lang='grc' dir='ltr'><em>εἶχεν,</em></span> <span class='ocrx_word' id='word_1_201' title='bbox 640 2264 699 2311; x_wconf 75' lang='grc' dir='ltr'>οὓς</span> <span class='ocrx_word' id='word_1_202' title='bbox 728 2266 1035 2315; x_wconf 66' lang='grc' dir='ltr'><em>ἀντισύγκλητον</em></span> <span class='ocrx_word' id='word_1_203' title='bbox 1067 2264 1254 2316; x_wconf 78' lang='grc' dir='ltr'><em>ὠνόμαζε.</em></span> <span class='ocrx_word' id='word_1_204' title='bbox 1287 2264 1337 2316; x_wconf 91' lang='lat' dir='ltr'>(c.</span> <span class='ocrx_word' id='word_1_205' title='bbox 1367 2266 1421 2314; x_wconf 84' lang='lat'>8).</span> <span class='ocrx_word' id='word_1_206' title='bbox 1482 2267 1622 2318; x_wconf 83' lang='lat' dir='ltr'>Atque</span> <span class='ocrx_word' id='word_1_207' title='bbox 1652 2263 1768 2306; x_wconf 82' lang='lat' dir='ltr'>Sulla</span> 
     </span>
    </p>
   </div>
   <div class='ocr_carea' id='block_1_3' title="bbox 337 2459 1767 2839">
    <p class='ocr_par' dir='ltr' id='par_1_5' title="bbox 337 2459 1767 2839">
     <span class='ocr_line' id='line_1_28' title="bbox 386 2459 1766 2507; baseline 0.001 -13"><span class='ocrx_word' id='word_1_208' title='bbox 386 2462 417 2503; x_wconf 88' lang='lat' dir='ltr'>l)</span> <span class='ocrx_word' id='word_1_209' title='bbox 444 2459 552 2494; x_wconf 83' lang='lat' dir='ltr'>Sulla</span> <span class='ocrx_word' id='word_1_210' title='bbox 576 2459 615 2494; x_wconf 87' lang='lat' dir='ltr'>in</span> <span class='ocrx_word' id='word_1_211' title='bbox 642 2459 817 2494; x_wconf 87' lang='lat' dir='ltr'>omnibus</span> <span class='ocrx_word' id='word_1_212' title='bbox 844 2472 943 2506; x_wconf 84' lang='lat' dir='ltr'>quae</span> <span class='ocrx_word' id='word_1_213' title='bbox 969 2459 1111 2495; x_wconf 86' lang='lat' dir='ltr'>fiebant</span> <span class='ocrx_word' id='word_1_214' title='bbox 1135 2459 1363 2507; x_wconf 88' lang='lat' dir='ltr'>Pompeium</span> <span class='ocrx_word' id='word_1_215' title='bbox 1384 2461 1600 2496; x_wconf 85' lang='lat' dir='ltr'>adiutorem</span> <span class='ocrx_word' id='word_1_216' title='bbox 1620 2460 1766 2501; x_wconf 85' lang='lat' dir='ltr'>habuit,</span> 
     </span>
     <span class='ocr_line' id='line_1_29' title="bbox 337 2507 1762 2555; baseline 0 -13"><span class='ocrx_word' id='word_1_217' title='bbox 337 2507 402 2542; x_wconf 82' lang='lat' dir='ltr'>sed</span> <span class='ocrx_word' id='word_1_218' title='bbox 428 2507 473 2542; x_wconf 87' lang='lat' dir='ltr'>de</span> <span class='ocrx_word' id='word_1_219' title='bbox 500 2519 544 2542; x_wconf 88' lang='lat' dir='ltr'>eo</span> <span class='ocrx_word' id='word_1_220' title='bbox 570 2507 754 2553; x_wconf 86' lang='lat' dir='ltr'>imprimis</span> <span class='ocrx_word' id='word_1_221' title='bbox 781 2507 1027 2553; x_wconf 81' lang='lat' dir='ltr'>cogitandum</span> <span class='ocrx_word' id='word_1_222' title='bbox 1053 2511 1120 2543; x_wconf 89' lang='lat' dir='ltr'>est.</span> <span class='ocrx_word' id='word_1_223' title='bbox 1171 2507 1268 2543; x_wconf 86' lang='lat' dir='ltr'>Sunt</span> <span class='ocrx_word' id='word_1_224' title='bbox 1295 2508 1363 2555; x_wconf 91' lang='lat' dir='ltr'>qui</span> <span class='ocrx_word' id='word_1_225' title='bbox 1389 2508 1610 2555; x_wconf 86' lang='lat' dir='ltr'>Appianum</span> <span class='ocrx_word' id='word_1_226' title='bbox 1635 2518 1762 2544; x_wconf 83' lang='lat' dir='ltr'>errare</span> 
     </span>
     <span class='ocr_line' id='line_1_30' title="bbox 337 2554 1763 2601; baseline 0.001 -13"><span class='ocrx_word' id='word_1_227' title='bbox 337 2554 555 2589; x_wconf 70' lang='lat' dir='ltr'>existiment</span> <span class='ocrx_word' id='word_1_228' title='bbox 594 2555 832 2591; x_wconf 77' lang='lat' dir='ltr'>affirmantes,</span> <span class='ocrx_word' id='word_1_229' title='bbox 872 2554 980 2590; x_wconf 84' lang='lat' dir='ltr'>Sulla</span> <span class='ocrx_word' id='word_1_230' title='bbox 1018 2555 1216 2596; x_wconf 83' lang='lat' dir='ltr'>dictatore,</span> <span class='ocrx_word' id='word_1_231' title='bbox 1258 2558 1343 2591; x_wconf 82' lang='lat' dir='ltr'>tum</span> <span class='ocrx_word' id='word_1_232' title='bbox 1381 2556 1534 2592; x_wconf 85' lang='lat' dir='ltr'>demum</span> <span class='ocrx_word' id='word_1_233' title='bbox 1567 2556 1636 2591; x_wconf 85' lang='lat' dir='ltr'>has</span> <span class='ocrx_word' id='word_1_234' title='bbox 1661 2555 1763 2601; x_wconf 83' lang='lat' dir='ltr'>leges</span> 
     </span>
     <span class='ocr_line' id='line_1_31' title="bbox 338 2602 1764 2650; baseline 0.001 -14"><span class='ocrx_word' id='word_1_235' title='bbox 338 2614 417 2637; x_wconf 86' lang='lat' dir='ltr'>esse</span> <span class='ocrx_word' id='word_1_236' title='bbox 454 2602 561 2637; x_wconf 85' lang='lat' dir='ltr'>latas.</span> <span class='ocrx_word' id='word_1_237' title='bbox 611 2603 759 2637; x_wconf 87' lang='lat' dir='ltr'>Auctor</span> <span class='ocrx_word' id='word_1_238' title='bbox 796 2614 886 2638; x_wconf 86' lang='lat' dir='ltr'>vero</span> <span class='ocrx_word' id='word_1_239' title='bbox 927 2602 1079 2648; x_wconf 88' lang='lat' dir='ltr'>optimis</span> <span class='ocrx_word' id='word_1_240' title='bbox 1116 2602 1288 2639; x_wconf 87' lang='lat' dir='ltr'>fontibus</span> <span class='ocrx_word' id='word_1_241' title='bbox 1327 2615 1420 2639; x_wconf 90' lang='lat' dir='ltr'>usus</span> <span class='ocrx_word' id='word_1_242' title='bbox 1446 2603 1613 2645; x_wconf 85' lang='lat' dir='ltr'>videtur,</span> <span class='ocrx_word' id='word_1_243' title='bbox 1639 2613 1764 2650; x_wconf 84' lang='lat' dir='ltr'>neque</span> 
     </span>
     <span class='ocr_line' id='line_1_32' title="bbox 340 2649 1767 2696; baseline 0.001 -13"><span class='ocrx_word' id='word_1_244' title='bbox 340 2649 432 2684; x_wconf 88' lang='lat' dir='ltr'>mihi</span> <span class='ocrx_word' id='word_1_245' title='bbox 468 2649 690 2695; x_wconf 83' lang='lat' dir='ltr'>persuaderi</span> <span class='ocrx_word' id='word_1_246' title='bbox 727 2652 853 2696; x_wconf 90' lang='lat' dir='ltr'>potest</span> <span class='ocrx_word' id='word_1_247' title='bbox 890 2650 1038 2686; x_wconf 84' lang='lat' dir='ltr'>Sullam</span> <span class='ocrx_word' id='word_1_248' title='bbox 1074 2650 1258 2686; x_wconf 85' lang='lat' dir='ltr'>victorem</span> <span class='ocrx_word' id='word_1_249' title='bbox 1294 2662 1371 2686; x_wconf 89' lang='lat' dir='ltr'>non</span> <span class='ocrx_word' id='word_1_250' title='bbox 1410 2651 1450 2687; x_wconf 91' lang='lat' dir='ltr'>id</span> <span class='ocrx_word' id='word_1_251' title='bbox 1491 2651 1696 2691; x_wconf 85' lang='lat' dir='ltr'>studuisse,</span> <span class='ocrx_word' id='word_1_252' title='bbox 1722 2652 1767 2684; x_wconf 90' lang='lat' dir='ltr'>ut</span> 
     </span>
     <span class='ocr_line' id='line_1_33' title="bbox 340 2696 1766 2745; baseline 0.001 -14"><span class='ocrx_word' id='word_1_253' title='bbox 340 2696 461 2743; x_wconf 89' lang='lat' dir='ltr'>plebis</span> <span class='ocrx_word' id='word_1_254' title='bbox 486 2697 642 2732; x_wconf 85' lang='lat' dir='ltr'>nimiam</span> <span class='ocrx_word' id='word_1_255' title='bbox 666 2700 894 2743; x_wconf 85' lang='lat' dir='ltr'>potestatem</span> <span class='ocrx_word' id='word_1_256' title='bbox 911 2697 1113 2744; x_wconf 84' lang='lat' dir='ltr'>frangeret,</span> <span class='ocrx_word' id='word_1_257' title='bbox 1131 2698 1374 2745; x_wconf 84' lang='lat' dir='ltr'>optimatium</span> <span class='ocrx_word' id='word_1_258' title='bbox 1391 2711 1481 2734; x_wconf 88' lang='lat' dir='ltr'>vero</span> <span class='ocrx_word' id='word_1_259' title='bbox 1500 2699 1766 2735; x_wconf 85' lang='lat' dir='ltr'>auctoritatem</span> 
     </span>
     <span class='ocr_line' id='line_1_34' title="bbox 340 2743 1766 2793; baseline 0.003 -15"><span class='ocrx_word' id='word_1_260' title='bbox 340 2743 571 2779; x_wconf 85' lang='lat' dir='ltr'>restitueret.</span> <span class='ocrx_word' id='word_1_261' title='bbox 621 2744 788 2780; x_wconf 86' lang='lat' dir='ltr'>Eaedem</span> <span class='ocrx_word' id='word_1_262' title='bbox 823 2745 926 2792; x_wconf 89' lang='lat' dir='ltr'>leges</span> <span class='ocrx_word' id='word_1_263' title='bbox 962 2748 1096 2792; x_wconf 80' lang='lat' dir='ltr'>postea</span> <span class='ocrx_word' id='word_1_264' title='bbox 1133 2746 1288 2793; x_wconf 88' lang='lat' dir='ltr'>quidem</span> <span class='ocrx_word' id='word_1_265' title='bbox 1319 2750 1527 2782; x_wconf 81' lang='lat' dir='ltr'>renovatae</span> <span class='ocrx_word' id='word_1_266' title='bbox 1553 2750 1653 2788; x_wconf 90' lang='lat' dir='ltr'>sunt,</span> <span class='ocrx_word' id='word_1_267' title='bbox 1680 2758 1766 2782; x_wconf 87' lang='lat' dir='ltr'>cum</span> 
     </span>
     <span class='ocr_line' id='line_1_35' title="bbox 343 2791 1161 2839; baseline 0.004 -13"><span class='ocrx_word' id='word_1_268' title='bbox 343 2791 574 2827; x_wconf 85' lang='lat' dir='ltr'>seditionum</span> <span class='ocrx_word' id='word_1_269' title='bbox 599 2792 776 2838; x_wconf 88' lang='lat' dir='ltr'>procellis</span> <span class='ocrx_word' id='word_1_270' title='bbox 801 2795 927 2828; x_wconf 86' lang='lat' dir='ltr'>essent</span> <span class='ocrx_word' id='word_1_271' title='bbox 951 2805 1161 2839; x_wconf 64' lang='lat' dir='ltr'>perversae.</span> 
     </span>
    </p>
   </div>
   <div class='ocr_carea' id='block_1_4' title="bbox 389 2855 907 2902">
    <p class='ocr_par' dir='ltr' id='par_1_6' title="bbox 389 2855 907 2902">
     <span class='ocr_line' id='line_1_36' title="bbox 389 2855 907 2902; baseline 0.004 -11"><span class='ocrx_word' id='word_1_272' title='bbox 389 2857 424 2902; x_wconf 78' lang='lat'>2)</span> <span class='ocrx_word' id='word_1_273' title='bbox 450 2855 558 2891; x_wconf 70' lang='lat' dir='ltr'>Rom.</span> <span class='ocrx_word' id='word_1_274' title='bbox 588 2856 718 2893; x_wconf 82' lang='lat' dir='ltr'>Gcsch.</span> <span class='ocrx_word' id='word_1_275' title='bbox 748 2856 801 2892; x_wconf 89' lang='grc' dir='ltr'>Π.</span> <span class='ocrx_word' id='word_1_276' title='bbox 829 2858 907 2893; x_wconf 87' lang='grc'>265.</span> 
     </span>
    </p>
   </div>
  </div>
 </body>
</html>
