1988 3366
1084 347 1136 396 '50

387 536 548 578 Sullam
576 550 670 578 cum
701 537 873 588 triginta
902 538 1067 579 circiter
1096 539 1265 580 milibus
1292 538 1509 581 hominum
1532 540 1576 582 in
1599 538 1824 583 Graeciam

385 608 610 659 traiecisse,
639 607 891 650 Plutarchus
904 623 929 650 a
946 608 1351 651 Commentariorum
1367 611 1565 662 scriptore
1580 611 1623 653 in
1639 626 1821 655 errorem

389 678 584 720 inductus
628 678 806 727 videtur,
848 693 972 730 quem
1018 681 1185 722 mentiri
1225 695 1308 723 non
1337 681 1498 734 puduit,
1527 682 1600 724 ubi
1627 697 1717 726 sese
1745 698 1821 736 pro

379 751 468 791 viro
513 749 692 801 quodam
741 765 766 791 a
813 751 984 792 numine
1029 751 1179 793 dilecto
1226 751 1372 794 haberi
1411 753 1502 794 vult
1542 757 1668 804 atque
1709 754 1821 797 Deos

381 821 653 862 immortales
697 822 806 872 ipsos
832 836 904 873 pro
934 836 976 863 se
1005 827 1238 874 pugnantes
1268 823 1439 867 inducit.
1495 824 1648 875 Itaque
1676 825 1821 868 existi-

379 896 546 934 mantes
596 893 734 944 copias
763 893 851 934 eius
879 892 1049 935 Graecis
1077 893 1471 946 Macedonibusque,
1499 895 1569 945 qui
1598 895 1738 944 statim
1765 896 1820 938 ab

385 963 595 1005 Archelao
625 963 878 1016 defecerunt,
907 964 1081 1015 aliisque
1096 979 1149 1005 ex
1164 965 1402 1016 regionibus
1416 965 1603 1007 finitimis
1619 971 1762 1008 auctas
1778 966 1818 1020 1)

382 1034 435 1075 ad
479 1035 654 1086 triginta
696 1035 880 1085 quinque
907 1034 1023 1076 milia
1050 1035 1188 1086 fuisse,
1217 1049 1299 1076 non
1327 1036 1448 1087 longe
1475 1050 1501 1077 a
1529 1045 1630 1078 vera
1658 1037 1818 1080 ratione

380 1106 578 1147 aberrare
596 1105 798 1147 videmur.
820 1105 926 1147 Cum
943 1105 1176 1147 Archelaus
1191 1106 1323 1147 aciem
1338 1106 1613 1160 instruxisset,
1633 1122 1816 1162 campus,

378 1178 506 1228 equis,
536 1177 739 1227 curribus,
769 1177 927 1228 clypeis
954 1177 1162 1227 scutisque
1178 1177 1421 1229 completus,
1433 1178 1580 1230 ingens
1595 1179 1816 1231 copiarum

376 1247 613 1299 multitudo,
668 1252 880 1289 tantarum
929 1248 1144 1289 nationum
1187 1248 1228 1299 2)
1295 1249 1515 1300 strepitus·
1544 1254 1600 1301 et,
1627 1250 1816 1292 ululatus

375 1334 586 1360 armorum
621 1319 827 1371 splendor,
856 1318 1056 1360 Romanis
1078 1323 1279 1360 terrorem
1309 1319 1551 1373 iniecerunt,
1578 1324 1626 1362 ut
1655 1320 1812 1373 trepidi

375 1391 521 1432 castris
567 1404 655 1431 sese
705 1390 977 1440 continerent,
1020 1404 1154 1440 neque
1202 1390 1317 1431 Sulla
1359 1391 1410 1432 iis
1452 1391 1613 1433 animos
1657 1391 1813 1434 addere

375 1465 523 1514 posset.
553 1462 708 1503 Hostes
735 1461 905 1502 interim
932 1461 1048 1502 nulla
1077 1461 1295 1513 disciplina
1324 1462 1387 1503 usi
1409 1461 1462 1503 ad
1477 1462 1643 1514 rapinas
1659 1462 1814 1505 diversi

377 1534 571 1576 abierunt
605 1537 646 1574 et
675 1532 902 1573 multorum
930 1531 1092 1573 dierum
1120 1532 1268 1573 itinere
1297 1547 1322 1573 a
1349 1533 1493 1574 castris
1521 1532 1814 1576 diffuderunt?

374 1605 609 1655 nulliusque
652 1603 767 1644 ducis
794 1603 907 1644 iussu
937 1603 1137 1655 Panopen
1166 1602 1362 1654 oppidum
1390 1602 1587 1646 Phocidis
1620 1607 1662 1646 et
1677 1604 1815 1647 Leba-

373 1676 485 1717 diam
531 1676 573 1716 in
615 1675 791 1716 Boeotia
831 1674 1048 1725 diripuisse
1077 1674 1374 1727 perhibentur3
1404 1688 1678 1727 unaquaeque
1705 1690 1808 1728 gens

376 1761 496 1789 suum
530 1746 677 1788 habuit
705 1745 865 1797 ducem,
894 1745 1084 1787 omnibus
1112 1750 1255 1787 autem
1284 1745 1516 1787 Archelaus
1545 1750 1751 1798 praeerat.

429 1817 547 1859 Sulla
575 1816 743 1867 quidem
774 1816 926 1857 milites
955 1830 1038 1857 non
1068 1815 1211 1857 feriari
1238 1816 1437 1869 permisit,
1466 1816 1538 1858 sed
1557 1816 1805 1869 Cephissum

378 1888 570 1929 derivare
598 1887 808 1937 fossasque
828 1886 979 1928 ducere
992 1887 1126 1937 jussit,
1141 1890 1187 1928 ut
1202 1887 1377 1928 confecti
1395 1887 1607 1929 laboribus
1625 1902 1809 1940 pugnam

373 1958 722 2010 concupiscerent.
753 1957 872 2006 Quod
889 1957 1028 1998 evenit
1042 1958 1097 2007 3).
1128 1957 1240 1998 Nam
1256 1957 1379 1999 tertio
1394 1957 1460 1998 die
1476 1971 1602 2008 quam
1618 1957 1808 2001 laborare

371 2033 604 2080 coeperant,
635 2027 793 2069 Sullam
822 2027 928 2069 forte
957 2031 1295 2079 praetereuntem
1323 2042 1474 2080 magno
1504 2042 1599 2070 cum
1625 2028 1807 2072 clamore

370 2113 552 2151 pugnam
580 2102 877 2149 poposcerunt:
906 2097 975 2148 qui
1004 2111 1073 2138 eos
1103 2098 1243 2138 statim
1268 2098 1416 2139 collem
1445 2098 1670 2149 quemdam
1683 2112 1806 2142 saxo-

369 2184 461 2210 sum
502 2173 543 2210 et
587 2168 811 2219 abruptum
851 2168 942 2209 sub.
968 2167 1126 2208 radices
1162 2158 1306 2218 Edylii
1347 2169 1501 2210 montis
1547 2168 1602 2210 ad
1646 2169 1806 2212 flumen

371 2239 543 2292 Assum,
588 2240 630 2280 in
661 2252 742 2290 quo
771 2253 849 2279 arx
878 2237 1016 2289 oppidi
1044 2237 1174 2279 excisi
1201 2237 1593 2290 Parapotamiorum
1620 2244 1805 2293 steterat,

375 2324 578 2362 occupare
619 2310 747 2351 iussit.
805 2308 923 2357 Quod
963 2308 1035 2350 ubi
1064 2308 1297 2350 Archelaus
1324 2310 1630 2361 animadvertit,
1658 2310 1803 2354 eodem

370 2382 540 2423 consilio
570 2395 678 2432 usus,
707 2379 991 2431 chalcaspidas
1018 2379 1143 2431 misit,
1172 2392 1274 2429 quos
1301 2379 1483 2422 Romani
1510 2395 1610 2423 vero
1639 2395 1803 2424 summa

374 2453 600 2494 alacritate
640 2450 937 2493 contendentes
993 2454 1323 2501 praeverterunt.
1379 2450 1487 2492 Cum
1514 2452 1586 2494 ille
1612 2452 1802 2504 repulsus

418 2679 869 2728 1)App.B..M.c41.

420 2748 455 2791 2)
482 2746 604 2781 Erant
642 2745 784 2792 quippe
822 2745 987 2781 Thraces
1015 2745 1257 2793 Pouticique,
1284 2745 1447 2792 Scythae
1473 2757 1517 2781 ac
1542 2745 1797 2793 Cappadoces,

376 2797 573 2839 praeterea
593 2793 781 2846 Bithyni,
820 2793 1071 2839 Gallograeci,
1101 2793 1275 2841 Phryges
1301 2793 1444 2840 aliique
1469 2805 1490 2828 e
1514 2794 1623 2829 novis
1647 2793 1800 2829 Mithri-

371 2841 469 2876 datis
493 2840 698 2887 provinciis
724 2841 886 2876 collecti.

419 2906 453 2951 3)
480 2905 612 2940 Fzront.
638 2906 665 2940 J
699 2907 752 2939 ll.
779 2907 834 2940 20
