1988 3366
826 333 879 380 63

662 519 860 564 CAPUT
887 520 1056 565 XXIV.

191 735 311 781 Sulla
350 737 700 792 Mithridatesque
743 740 989 783 Dardanum
1029 741 1204 785 Troadis
1238 742 1292 786 ad
1320 743 1573 796 colloquium

138 812 346 852 venerunt
386 809 486 863 (84).
542 809 669 853 Hunc
710 811 790 854 sibi
830 811 996 855 obviam
1041 813 1276 856 venientem
1304 819 1347 857 et
1374 813 1568 857 dextram

141 878 424 932 porrigentem
466 880 585 923 Sulla
612 882 788 934 rogavit,
815 896 869 924 an
897 882 1048 935 quibus
1074 883 1385 928 condicionibus
1411 885 1572 928 Arche·

138 947 232 993 laus
258 950 495 1004 pepigisset,
523 951 680 994 bellum
710 957 892 1005 poneret.
922 953 1040 1006 Rege
1066 954 1214 997 silente
1241 954 1379 998 Sulla:
1409 955 1566 1009 „Atqui

141 1019 427 1075 ,deprecantis
453 1021 554 1075 est'’,
582 1023 729 1076 inquit,
761 1024 922 1077 „priore
949 1024 1039 1067 loco
1067 1024 1217 1078 dicere,
1231 1025 1458 1069 victoribus
1472 1027 1572 1069 satis

142 1096 231 1146 ,est
258 1092 436 1135 tacere.‘’
492 1092 578 1135 Ubi
605 1098 748 1136 autem
775 1094 845 1136 ille
873 1095 1186 1138 excusationem
1213 1110 1385 1139 exorsus
1408 1097 1566 1140 bellum

133 1161 289 1216 partim
334 1162 388 1216 ad
437 1163 549 1206 Deos
593 1164 761 1217 referre,
802 1165 953 1218 partim
994 1165 1206 1209 Romanos
1244 1167 1355 1220 ipsos
1396 1168 1565 1221 culpare

137 1233 289 1287 coepit,
317 1233 531 1286 excipiens
558 1234 676 1277 Sulla
703 1234 834 1278 dixit:
862 1249 951 1278 sese
979 1236 1061 1279 iam
1088 1242 1213 1279 antea
1238 1236 1430 1291 audiisse,
1458 1252 1569 1281 nunc

136 1316 237 1348 vero
265 1317 406 1347 coram
435 1305 629 1357 experiri,
658 1305 947 1349 Mithridatem
976 1306 1291 1350 disertissimum
1318 1322 1420 1361 esse,
1442 1322 1568 1360 quem

135 1374 181 1418 in
224 1373 352 1418 rebus
390 1378 478 1418 tnm
522 1375 692 1418 nefariis
718 1377 903 1429 speciosa
929 1377 1060 1420 oratio
1087 1391 1169 1420 nou
1199 1377 1388 1421 deficiat:
1417 1378 1567 1423 deinde

130 1444 317 1489 facinora
344 1446 433 1489 eius
458 1446 608 1490 acerbe
637 1448 880 1500 exagitavit.

186 1516 407 1571 Appianus
437 1518 490 1571 1),
529 1522 579 1560 ut
617 1518 732 1568 solet,
774 1518 975 1572 copiosius
1002 1523 1045 1562 et
1072 1519 1327 1563 Mithridatis
1355 1524 1398 1564 et
1425 1520 1567 1564 Sullae

130 1587 262 1631 verba
305 1587 459 1631 refert:
502 1588 582 1630 Ille
621 1589 835 1632 amicitiae
862 1603 966 1642 erga
991 1589 1205 1633 Romanos
1231 1595 1322 1633 tum
1348 1605 1448 1634 suae
1476 1595 1566 1634 tum

131 1657 266 1711 patris
291 1658 356 1700 sui
383 1658 596 1702 mentione
637 1659 917 1713 facta,eorum
937 1660 1096 1714 legatos
1110 1665 1153 1703 et
1166 1666 1376 1703 senatores
1388 1666 1430 1704 et
1441 1660 1567 1704 duces

129 1727 182 1772 de
208 1729 370 1773 iniuriis
410 1730 490 1772 sibi
517 1730 644 1773 illatis
670 1732 895 1784 accusavit,
925 1732 997 1783 qui
1024 1731 1358 1775 Ariobarzanem
1388 1732 1431 1775 in
1459 1731 1567 1786 Cap·

128 1800 347 1855 padociam
393 1801 667 1856 reduxissent,
709 1802 942 1855 Phrygiam
984 1803 1067 1846 sibi
1095 1804 1343 1856 eripuissent
1370 1808 1414 1846 et
1440 1803 1565 1846 Nico·

127 1871 263 1916 medis
288 1872 512 1916 violentiae
544 1874 755 1917 {avissent-
812 1873 953 1927 „Quae
981 1874 1160 1928 omnia’'‚
1189 1874 1336 1928 inquit,
1355 1874 1567 1927 „fecerunt

130 1942 323 1997 ¹,impulsi
361 1943 591 1997 cupiditate
635 1946 847 1998 pecuniae,
886 1958 1011 1997 quam
1050 1945 1115 1988 vel
1154 1959 1181 1987 a
1207 1959 1275 1988 me
1303 1944 1368 1988 vel
1396 1945 1451 1988 ab
1477 1945 1559 1987 illis

130 2019 416 2068 „acceperunt
472 2014 594 2064 Quod
634 2015 745 2058 enim
795 2014 924 2068 vobis,
964 2029 989 2057 ο
1029 2015 1223 2068 Romani,
1250 2015 1435 2058 maxime
1463 2015 1565 2058 vitio

129 2080 262 2139 „verti
290 2089 427 2138 potest
454 2091 517 2128 est
543 2086 735 2128 avaritia.
763 2085 882 2128 Bello
909 2100 1012 2128 vero
1034 2100 1107 2139 per
1120 2091 1279 2129 vestros
1292 2086 1564 2138 imperatores

129 2159 302 2210 „exorto
345 2157 487 2199 omnia
521 2171 628 2209 quac
658 2157 872 2200 lacessitus
900 2157 978 2200 feci
1007 2163 1143 2210 potius
1170 2158 1404 2200 necessitati
1435 2171 1562 2210 quam

131 2226 302 2280 „animo
328 2240 425 2270 meo
453 2228 700 2281 imputanda
725 2228 859 2271 sunt.”

177 2296 307 2341 Sulla
332 2303 475 2341 autem
504 2299 546 2342 in
575 2298 682 2342 hanc
711 2299 960 2342 sententiam
989 2298 1044 2341 ab
1071 2299 1265 2351 Appiano
1292 2298 1454 2341 locutus
1473 2312 1561 2341 esse

124 2366 321 2412 traditur:
376 2368 640 2422 Quamquam
683 2384 764 2413 non
793 2370 972 2412 venisset
998 2368 1051 2412 ad
1081 2368 1370 2422 disceptandas
1396 2373 1560 2412 contro·

124 2439 297 2493 versias,
337 2453 380 2482 so
424 2444 565 2484 tamen
608 2441 750 2494 paucis
792 2439 1050 2493 respondere.
1106 2439 1477 2482 criminationibus
1507 2438 1559 2482 de

123 2510 299 2565 iniuriis,
326 2511 479 2564 quibus
507 2512 775 2555 Mithridates
796 2526 839 2554 se
867 2512 1061 2554 affectum
1092 2511 1269 2564 dixerat,
1285 2511 1459 2564 repulsis
1474 2525 1555 2553 om·

122 2582 194 2626 nia
219 2582 405 2626 facinora
434 2585 789 2635 commemoravit,
816 2598 923 2635 quae
954 2584 994 2625 in
1025 2584 1221 2635 Graecos,
1241 2584 1282 2625 in
1305 2581 1558 2625 Tetrarchae

122 2652 507 2707 Gallograecorum,
554 2655 809 2708 potissimum
848 2668 945 2696 vcro
989 2654 1029 2696 in
1065 2653 1288 2706 Romanos,
1321 2653 1462 2696 Asiam
1495 2654 1556 2697 in-

174 2887 208 2933 1)
234 2886 334 2934 App.
368 2886 412 2924 B.
440 2887 493 2923 M.
529 2890 587 2924 56.
