1988 3366
1117 310 1165 357 16

419 496 537 543 sedes
563 500 764 542 habentes
794 499 1060 541 Cimbrorum
1080 503 1216 541 castra
1231 500 1380 551 partim
1397 500 1527 541 secuti
1543 514 1630 542 esse
1645 493 1851 544 dicuntur.

425 571 543 613 Nihil
571 571 679 612 enim
711 570 761 612 de
790 584 840 611 ea
870 584 914 611 re
942 569 1133 611 traditur.
1169 570 1333 611 Deinde
1351 584 1446 611 cum
1465 574 1624 613 constet
1652 571 1853 624 Cimbros,

421 641 592 683 vastatis
618 641 869 693 regionibus,
898 654 1005 691 quae
1035 640 1287 682 Rhodanum
1304 641 1412 682 inter
1427 645 1469 682 et
1484 641 1725 693 Pyrenaeos
1739 656 1852 684 mon-

420 716 480 753 tes
506 711 783 763 intercedunt,
813 725 862 752 eo
891 725 1000 752 anno
1035 711 1152 763 (103)
1167 725 1240 762 per
1256 711 1387 752 saltus
1401 711 1443 752 in
1460 711 1708 764 Hispaniam
1722 716 1854 754 trans-

419 797 578 835 gressos
605 797 705 833 esse,
738 783 776 835 1)
807 797 889 824 non
919 782 1144 823 verisimile
1171 786 1233 823 est
1266 782 1437 835 Marsos,
1465 782 1518 824 ad
1547 796 1676 825 novas
1690 784 1855 836 rapinas

419 854 541 895 sociis
568 853 771 905 profectis,
801 853 843 894 in
871 853 973 894 locis
1002 852 1265 904 depopulatis
1293 853 1554 907 remansisse,
1581 857 1629 895 ut
1656 854 1731 896 soli
1759 869 1854 897 eum

419 925 622 967 Romanis
649 939 737 966 rem
767 929 975 976 gererent.
1495 917 1499 921 ’

470 995 570 1037 Fuit
597 995 732 1047 potius
759 1009 860 1046 gens
887 994 1062 1048 Gallica,
1088 1007 1196 1045 quae
1223 998 1270 1036 ut
1285 994 1504 1046 Tectosagi
1518 994 1699 1036 Cimbris
1708 997 1855 1046 juncta

416 1070 518 1107 erat.
574 1065 680 1107 Cum
708 1069 850 1107 autem
877 1064 989 1116 apud
1019 1065 1181 1106 nullum
1201 1065 1444 1117 scriptorem
1481 1065 1525 1106 in
1555 1065 1695 1107 Gallia
1710 1065 1853 1117 utique

421 1151 523 1189 gens
569 1136 804 1178 Marsorum
846 1140 1114 1186 memoretur,
1154 1135 1328 1177 fortasse
1358 1150 1452 1177 cum
1482 1135 1535 1177 V.
1566 1135 1618 1177 D.
1647 1135 1755 1178 Smit
1782 1150 1855 1188 pro

421 1206 604 1259 Μάρσους
635 1205 898 1247 scribendum
927 1209 989 1247 est
1011 1205 1211 1254 Λύσκίσυς,
1229 1206 1300 1256 qui
1315 1205 1553 1258 Tectosagis
1566 1209 1662 1247 sunt
1676 1205 1854 1248 finitimi.

420 1277 578 1325 Quarto
608 1276 732 1318 Marii
760 1276 979 1318 consulatu
1007 1277 1116 1321 (ann.
1151 1277 1239 1319 102)
1270 1275 1400 1328 Sulla,
1430 1276 1642 1317 intellecto
1673 1276 1854 1328 impera-

422 1351 554 1388 torem
598 1346 675 1387 sibi
720 1346 772 1387 ob
814 1346 1026 1398 praeclare
1064 1360 1130 1388 res
1158 1351 1296 1398 gestas
1323 1346 1511 1388 invidere
1541 1351 1667 1398 atque
1694 1347 1854 1389 aditum

420 1417 474 1458 ad
504 1417 671 1458 laudem
700 1417 895 1458 bellicam
924 1417 1111 1458 consulto
1142 1417 1391 1468 praeripere,
1420 1416 1474 1458 ad
1503 1416 1715 1469 Catulum,
1731 1417 1853 1459 Marii

422 1488 639 1540 collegam,
684 1487 799 1539 adiit,
840 1488 912 1538 qui
940 1492 1030 1529 erat
1059 1488 1123 1530 vir
1153 1488 1317 1541 probus,
1346 1487 1418 1530 sed
1446 1488 1547 1530 belli
1575 1489 1758 1541 ignarus.
1813 1489 1856 1530 Is

425 1573 520 1600 cum
566 1559 754 1600 exercitu
799 1559 843 1601 in
871 1558 1051 1611 Alpibus
1080 1559 1229 1600 Italiae
1258 1558 1532 1611 praesidebat,
1559 1560 1658 1610 quia
1685 1559 1856 1608 Cimbri.

423 1629 493 1679 qui
522 1629 601 1670 iter
628 1629 671 1670 in
699 1629 899 1670 Noricum
928 1629 1147 1680 flexerant,
1177 1629 1231 1670 ab
1260 1643 1310 1671 ea
1337 1633 1455 1680 parte
1483 1629 1713 1682 irrumpere
1735 1644 1855 1685 cona-

425 1699 578 1740 bantur
618 1701 676 1741 2):
718 1699 877 1740 Marius
919 1704 1064 1741 contra
1100 1699 1298 1741 Teutonis
1330 1713 1403 1751 per
1431 1699 1614 1741 Galliam
1642 1704 1854 1742 transeun-

424 1770 535 1811 tibus
581 1769 634 1811 ad
678 1769 932 1811 Rhodanum
973 1784 1017 1811 se
1061 1769 1225 1811 obiecit.
1266 1771 1305 1817 3)
1347 1769 1454 1812 Sunt
1494 1770 1667 1812 fortasse
1703 1770 1854 1822 quibus

426 1841 679 1883 Plutarchea
711 1841 849 1882 minus
888 1841 1081 1893 placeant
1122 1845 1164 1883 et
1191 1840 1262 1891 qui
1291 1840 1404 1883 haud
1432 1845 1589 1883 temere
1616 1841 1857 1883 existiment

429 1912 591 1953 Sullam
619 1926 707 1953 sese
726 1912 769 1953 in
784 1912 895 1953 illius
909 1915 1045 1954 castra
1061 1911 1295 1963 contulisse,
1312 1912 1411 1963 quia
1427 1926 1481 1953 ex
1498 1911 1638 1953 Catuli
1652 1912 1860 1964 imperitia

427 1982 682 2023 occasionem
723 1997 841 2024 suam
885 1986 1056 2034 peteret.
1112 1982 1163 2023 In
1204 1985 1424 2033 utramque
1455 1986 1618 2034 partem
1647 1981 1860 2034 disputare

430 2053 545 2095 licet.

484 2123 534 2165 In
578 2123 695 2166 novis
737 2137 836 2165 vero
879 2124 1023 2166 castris
1060 2124 1211 2166 bonam
1238 2138 1373 2172 ‚suam
1413 2123 1568 2165 famam
1595 2123 1865 2176 amplificavit

429 2208 524 2235 cum
551 2194 777 2245 imperator
804 2194 842 2235 ei
872 2195 1117 2246 praecipuas
1145 2208 1332 2246 quasque
1362 2198 1404 2236 et
1432 2194 1637 2235 maximas
1666 2207 1730 2235 res
1754 2193 1863 2235 dele-

408 2268 573 2315 garet:
626 2265 858 2317 complures
908 2267 1020 2307 enim
1066 2265 1338 2307 barbarorum
1381 2265 1631 2317 Alpinorum
1678 2265 1865 2306 nationes

432 2335 608 2387 subegit,
651 2335 801 2378 deinde
844 2341 1101 2378 commeatus
1144 2337 1284 2388 inopia
1321 2340 1479 2388 exorta,
1517 2340 1677 2377 tantam
1705 2335 1864 2387 copiam

433 2405 541 2458 fecit,
569 2410 614 2447 ut
643 2407 770 2447 etiam
799 2407 923 2448 Marii
952 2408 1106 2449 milites
1122 2407 1331 2448 sublevari
1350 2410 1526 2458 possent.
1586 2406 1682 2458 Ipse
1701 2407 1744 2448 in
1758 2420 1865 2447 com·

434 2477 649 2518 mentariis
688 2477 815 2518 refert
862 2477 1045 2519 Marium
1092 2477 1169 2519 hoc
1198 2478 1384 2529 graviter
1425 2477 1682 2527 molesteque
1722 2476 1865 2518 tulisse

487 2725 520 2767 1)
570 2723 652 2762 Liv.
680 2725 749 2771 Ep.
778 2727 833 2762 (37.

485 2789 520 2833 2)
571 2788 668 2824 Mar.
699 2803 728 2824 c.
758 2792 812 2825 14.

487 2853 521 2897 3)
571 2852 667 2890 Mar.
699 2867 728 2889 c.
758 2856 812 2890 15.
