1988 3366
1052 311 1102 352 76

356 507 446 537 rem
486 494 625 536 refert.
681 493 817 546 Scipio
860 492 1073 535 obsidibus
1113 492 1294 544 acceptis
1330 492 1373 534 in
1401 492 1654 543 colloquium
1682 492 1793 533 inter

357 563 478 606 Cales
517 568 559 606 et
602 563 791 605 Teanum
834 563 1044 615 prodierat
1083 566 1126 605 et
1167 562 1218 604 de
1259 553 1509 604 auctoritate
1536 564 1708 604 senatus
1735 559 1787 603 de

355 634 563 687 suffragiis
592 635 732 686 populi
759 638 802 676 et
832 633 882 676 de
910 634 1000 676 iure
1027 634 1207 676 civitatis
1222 634 1308 686 egit
1331 633 1383 684 1).
1412 632 1486 675 Nil
1515 636 1658 674 autem
1688 632 1795 675 certi

358 706 409 748 de
449 720 499 748 ea
537 719 583 747 re
625 705 753 747 statui
793 709 940 758 potest,
982 705 1081 756 quia
1116 705 1225 746 terni
1253 708 1418 746 tantum
1445 703 1574 746 locuti
1601 707 1710 756 sunt,
1738 706 1786 745 ut

356 776 455 828 quid
497 775 655 818 dictum
680 776 735 817 sit
763 776 805 817 in
837 775 985 827 vulgus
1013 789 1096 817 non
1124 775 1398 817 emanaverit.
1454 773 1622 816 Deinde
1651 773 1788 826 Scipio

358 848 591 891 Sertorium
620 845 810 899 Capuam
839 846 964 899 misit,
994 850 1040 888 ut
1068 860 1165 888 cum
1194 846 1355 896 collega
1375 859 1449 887 suo
1463 846 1576 897 pacis
1590 843 1796 887 condicio·

359 932 432 960 nes
475 917 816 960 communicaret.
871 916 915 958 Is
960 930 1060 958 vero
1105 916 1247 958 Sullae
1289 915 1383 958 dolo
1427 918 1654 968 perspecto,
1694 927 1796 958 cum

359 989 593 1041 Scipionem
620 988 776 1030 frustra
803 987 1096 1039 admonuisset,
1110 987 1153 1029 in
1169 988 1318 1029 itinere
1342 986 1536 1029 Suessam
1563 983 1797 1038 occupavit,

359 1075 466 1112 quae
507 1074 533 1102 a
574 1059 755 1102 Sullanis
798 1059 1033 1102 tenebatur.
1083 1058 1202 1100 Tunc
1229 1058 1347 1100 Sulla
1376 1071 1472 1100 cum
1501 1056 1693 1108 Scipione
1719 1069 1795 1098 ex·

358 1132 594 1184 postulavit,
637 1132 714 1183 qui
754 1131 842 1173 sive
870 1131 931 1173 rei
959 1130 1146 1173 conscius
1172 1130 1260 1172 sive
1290 1130 1476 1171 incertus
1502 1127 1602 1180 quid
1631 1141 1798 1180 respon—

360 1202 489 1246 deret,
529 1203 670 1244 statim
712 1202 874 1244 obsides
916 1201 1109 1253 reddidit,
1152 1200 1361 1243 exercitus
1417 1213 1515 1242 vero
1557 1212 1658 1251 pace
1709 1197 1798 1240 des-

356 1277 502 1326 perata
541 1273 649 1315 clam
686 1287 781 1315 cum
810 1272 927 1314 Sulla
956 1271 1006 1314 de
1036 1271 1280 1313 transitione
1308 1284 1432 1322 agere
1461 1269 1596 1321 coepit
1621 1273 1663 1311 et
1692 1282 1788 1311 cum

359 1346 394 1387 is
437 1344 604 1396 propius
645 1343 894 1396 accessisset,
923 1343 1039 1394 quasi
1069 1347 1204 1384 castra
1232 1345 1545 1393 oppugnaturus
1573 1341 1628 1388 2),
1656 1339 1800 1381 statim

363 1415 481 1466 Signa
522 1414 836 1456 transtulerunt.
892 1413 972 1466 Ita,
1015 1416 1062 1455 ut
1092 1401 1282 1463 Eutropii
1313 1410 1448 1452 verbis
1476 1414 1571 1452 utar
1600 1411 1656 1462 3),
1685 1408 1802 1451 Sulla

360 1489 457 1527 ante
486 1485 688 1536 proelium
717 1488 852 1526 totum
882 1484 971 1526 eius
1001 1482 1238 1524 exercitum
1266 1482 1355 1523 sine
1383 1480 1585 1532 sanguine
1613 1480 1656 1521 in
1686 1478 1801 1521 dedi-

361 1557 517 1598 tionem
560 1556 731 1607 accepit.
787 1554 924 1607 Scipio
972 1568 1067 1596 cum
1115 1553 1201 1594 filio
1248 1552 1291 1594 in
1333 1551 1613 1597 tabernaculis
1654 1554 1799 1602 captus

362 1627 554 1669 dimissus
596 1629 677 1668 est:
723 1640 851 1677 quam
892 1624 1213 1677 temperantiam
1259 1623 1369 1666 Vell.
1413 1622 1473 1664 ΙΙ.
1517 1623 1568 1664 25
1606 1620 1802 1664 laudibus

362 1698 594 1751 praedicat:
632 1697 775 1751 „Adeo
806 1696 923 1739 Sulla
951 1695 1160 1738 dissimilis
1189 1694 1269 1737 fuit
1297 1693 1473 1736 bellator
1502 1707 1550 1734 ac
1580 1692 1725 1744 victor,
1755 1695 1801 1733 ut

366 1768 490 1823 „dum
534 1769 663 1811 vincit
703 1768 927 1810 iustissimo
956 1767 1103 1815 lenior,
1133 1770 1224 1818 post
1261 1764 1475 1808 victoriam
1504 1762 1647 1805 audito
1674 1761 1801 1804 fuerit

366 1838 849 1893 „crudelior.”Equidem
859 1838 899 1880 ei
909 1851 990 1880 non
1007 1837 1209 1879 assentior
1224 1840 1266 1878 et
1283 1833 1649 1877 mansuetudinem
1669 1832 1804 1885 potius

364 1910 636 1953 calliditatem
680 1908 972 1961 appellandam
1017 1922 1106 1950 esse
1147 1920 1305 1950 censeo.
1363 1905 1499 1957 Scipio
1533 1904 1644 1946 enim
1672 1903 1797 1945 homo

365 1985 455 2023 erat
482 1980 700 2023 mediocris
727 1980 897 2032 ingenii,
926 1993 952 2021 a
978 1992 1060 2030 quo
1089 1978 1193 2020 nihil
1221 1978 1258 2019 ei
1287 1976 1461 2029 periculi
1489 1980 1602 2017 erat:
1629 1975 1689 2016 sin
1713 1987 1806 2016 con·

366 2053 466 2095 sulis
517 2052 718 2103 sanguine
772 2065 921 2092 manus
960 2049 1176 2100 foedasset,
1219 2049 1431 2091 Romanos
1461 2046 1675 2097 Italosque
1703 2058 1804 2087 exa·

366 2123 586 2165 cerbasset.
613 2123 711 2164 Iure
739 2136 835 2164 eum
865 2120 1115 2162 Plutarchus
1142 2119 1295 2161 habctz-
1320 2121 1437 2172 φύσει
1453 2117 1524 2169 μὲν
1548 2117 1658 2170 ὀργὴν
1676 2125 1804 2168 χαλε-

368 2195 438 2237 πὸν
469 2196 562 2237 ἕνα-,κ
592 2194 657 2236 καὶ
693 2193 952 2246 τιμωρητικὸν,
981 2191 1186 2244 ὑφιέμενον
1209 2190 1251 2232 δὲ
1267 2195 1335 2238 τῆς
1351 2188 1501 2241 πικρίκς
1516 2188 1693 2240 λσγισμῷ
1711 2186 1805 2240 πρὸς

369 2267 413 2311 τὸ
443 2265 658 2320 συμφέρον.

424 2337 562 2381 Carbo
590 2336 633 2378 id
662 2335 859 2387 temporis
887 2334 938 2376 de
967 2348 1016 2376 eo
1044 2333 1197 2375 dixisse
1225 2331 1362 2373 fertur,
1385 2344 1474 2372 sese
1502 2343 1596 2371 cum
1624 2327 1748 2380 vulpe
1762 2332 1805 2371 et

368 2409 500 2459 leone,
541 2407 581 2449 in
627 2406 768 2449 Sullae
810 2406 950 2447 animo
990 2403 1291 2453 habitantibus,
1334 2401 1491 2444 bellum
1524 2404 1751 2452 gerentem,
1779 2413 1805 2441 a

369 2479 495 2533 vulpe
534 2478 692 2522 maiore
733 2477 884 2520 damno
925 2476 1046 2519 affici.
1103 2474 1249 2517 Livius
1293 2486 1441 2525 parum
1485 2485 1644 2514 memor
1681 2470 1805 2513 huius

421 2739 454 2782 1)
481 2736 556 2772 Cic.
582 2736 682 2772 Phil.
710 2736 807 2772 XII.
835 2737 877 2771 11
904 2734 1020 2770 huius
1045 2734 1102 2770 rei
1124 2736 1261 2771 auctor
1285 2734 1352 2770 est.

420 2803 455 2848 2)
479 2801 562 2837 Liv.
590 2800 660 2847 Ep.
686 2803 741 2838 85,

420 2869 458 2915 3)
483 2867 531 2904 V.
557 2867 590 2906 7.
