1988 3366
1034 329 1087 372 28

397 513 526 556 Cuius
564 513 774 556 felicitatis
800 515 1012 557 mentione
1041 515 1164 566 facta,
1193 529 1290 557 eum
1318 529 1343 557 a
1373 515 1605 570 Timotheo,
1633 517 1774 560 claris-

341 584 445 626 simo
485 583 809 627 Atheniensium
851 584 968 637 duce,
1012 586 1228 628 dissentire
1270 586 1537 641 demonstrat,
1579 588 1772 639 quicum

340 656 498 698 inimici
538 661 580 698 et
620 656 775 698 aemuli
810 670 917 708 quae
947 658 1108 700 fortiter
1135 663 1176 700 et
1205 659 1379 701 feliciter
1415 660 1554 712 gessit,
1581 659 1773 702 fortunae

339 728 599 779 assignarent
637 731 763 779 atque
803 728 848 770 in
889 728 1043 770 tabulis
1076 730 1214 781 ipsum
1240 730 1460 782 pingerent
1488 730 1772 784 dormientem,

340 798 550 840 fortunam
592 799 671 839 reti
706 798 830 840 urbes
859 799 1156 853 implicantem,
1183 801 1367 852 graviter
1394 801 1649 853 molesteque
1676 801 1774 844 tulit

339 873 381 910 et
416 869 601 911 infensus
629 869 748 920 quasi
772 874 985 921 gestorum
1012 870 1137 913 laude
1165 871 1479 923 despoliaretur,
1504 871 1717 930 quondam
1745 887 1772 915 a

338 940 448 981 bello
488 954 679 982 reversus
717 954 792 992 pro
833 941 1030 983 concione
1084 941 1215 984 dixit:
1262 942 1346 995 „At
1386 943 1430 985 in
1466 942 1544 985 hac
1572 947 1685 986 certe
1713 957 1772 998 rc,

342 1010 657 1064 „Athenienses,
695 1011 862 1053 fortuna
901 1026 975 1064 pro
1016 1012 1146 1054 nihilo
1189 1013 1292 1055 fuit”
1335 1015 1387 1064 1).
1456 1013 1574 1056 Sulla
1597 1017 1770 1059 contra.

339 1081 479 1124 omnia
506 1082 672 1134 egregie
701 1082 812 1125 facta
838 1083 1031 1125 fortunae
1052 1084 1298 1138 attribuens,
1312 1085 1521 1127 felicitatis
1536 1085 1772 1137 opinionem

338 1152 517 1206 admisit,
544 1153 673 1195 immo
701 1154 821 1195 auxit
849 1159 891 1196 et
920 1154 1192 1206 amplificavit
1219 1169 1268 1197 eo
1283 1156 1463 1208 consilio,
1479 1159 1527 1199 ut
1541 1156 1772 1199 divinitatis

337 1223 464 1265 fidem
505 1224 625 1266 factis
660 1224 909 1277 adjungeret
937 1225 1014 1267 εἴτε
1041 1225 1182 1279 κόμπῳ
1212 1227 1408 1279 χρώμενος
1436 1226 1498 1269 εἴθ’
1523 1226 1639 1274 οὕτως
1666 1226 1770 1280 ἔχων

337 1300 385 1348 τῇ
412 1293 503 1348 δόξῃ
533 1295 624 1348 πρὸς
649 1296 692 1338 τὸ
722 1296 822 1338 θεῖον.
850 1295 1021 1338 Etenim
1050 1296 1093 1337 in
1109 1296 1427 1339 Commentariis
1442 1297 1603 1350 scripsit
1620 1298 1771 1340 rectius

336 1365 415 1408 sibi
455 1365 652 1407 cecidisse
693 1379 800 1417 quae
841 1381 925 1409 non
966 1367 1163 1420 consulte,
1207 1367 1279 1409 sed
1314 1381 1369 1410 ex
1398 1372 1582 1420 tempore
1608 1372 1769 1411 temere

336 1450 555 1488 aggressus
597 1441 704 1478 esset
744 1450 870 1488 quam
910 1450 1018 1488 quae
1059 1442 1223 1480 mature
1264 1438 1514 1481 deliberasse
1548 1439 1628 1481 sibi
1654 1438 1768 1481 vide-

335 1511 491 1559 rentur,
519 1507 682 1559 utplus
708 1507 898 1550 fortunae
926 1522 1053 1559 quam
1083 1508 1227 1551 virtuti
1256 1508 1469 1551 tribueret.
1498 1510 1603 1552 Inde
1634 1514 1770 1552 totum

335 1593 379 1620 se
421 1578 614 1621 fortunae
653 1579 920 1632 mancipavit,
958 1582 1110 1633 quippe
1138 1581 1210 1632 qui
1238 1580 1500 1623 concordiam
1527 1596 1646 1623 suam
1673 1595 1770 1623 cum

335 1648 383 1698 Q.
425 1649 597 1692 Metello
639 1649 743 1702 Pio,
786 1664 926 1692 socero
968 1656 1010 1693 et
1051 1652 1141 1694 viro
1185 1653 1293 1704 paris
1334 1652 1560 1705 dignitatis,
1603 1652 1769 1694 divinae

335 1720 501 1762 cuidam
549 1721 739 1763 felicitati
785 1722 994 1774 assignat:
1043 1737 1167 1774 quem
1211 1738 1306 1765 cum
1347 1723 1425 1765 sibi
1466 1724 1509 1765 in
1552 1724 1769 1766 consulatu

333 1793 519 1834 maxima
548 1794 714 1845 negotia
741 1793 1028 1836 exhibiturum
1056 1800 1346 1849 exspectasset,
1375 1796 1631 1837 lenissimum
1647 1796 1767 1838 colle·

334 1879 431 1916 gam
458 1864 617 1907 habuit.
645 1866 871 1908 Praeterea
899 1867 1122 1908 Lucullum
1150 1867 1193 1908 in
1224 1867 1542 1909 Commentariis
1571 1867 1767 1910 admonet

335 1935 455 1986 μηδὲν
486 1935 601 1983 οὕτως
629 1937 801 1987 ἡγεῖσθαι
831 1937 995 1989 βέβαιον
1026 1940 1073 1985 ὡς
1103 1937 1159 1980 ὅτι
1187 1937 1234 1980 ἄν
1263 1939 1369 1991 αὐτῷ
1406 1938 1606 1992 προσ-τάξῃ
1626 1939 1767 1992 νύκτωρ

335 2007 378 2050 τὸ
420 2007 610 2058 δαιμόνιον
655 2013 697 2050 et
736 2010 780 2051 in
823 2009 926 2051 Vita
964 2010 1131 2051 Luculli
1174 2024 1207 2051 c.
1250 2011 1300 2051 23
1343 2011 1500 2064 παρῄνει
1528 2011 1570 2053 δὲ
1599 2011 1664 2053 διὰ
1693 2015 1766 2053 τῶν

334 2077 625 2130 ὑπομνημάτων
654 2076 800 2129 ἐκεῖνος,
826 2080 945 2131 μηδὲν
961 2080 1076 2125 οὕτως
1096 2079 1320 2130 ἀξιόπιστον
1335 2079 1585 2134 &yria-&xlxxi
1601 2081 1766 2134 βέβαιον

334 2149 381 2194 ὡς
415 2147 472 2190 ὅτι
501 2147 548 2190 ἄν
577 2150 835 2204 ἀποσημανθῇ
862 2151 927 2193 διὰ
955 2155 1029 2194 τῶν
1069 2152 1258 2195 ἐνυπνίων,
1291 2148 1296 2153 ’

386 2219 459 2261 Nil
487 2220 641 2262 mirum
668 2221 797 2272 igitur
824 2222 1009 2264 Felicem
1038 2223 1157 2264 illum
1185 2223 1228 2266 in
1245 2223 1564 2266 Commentariis
1581 2225 1665 2266 suis
1680 2228 1765 2267 tam

334 2289 555 2342 diligenter
582 2291 772 2344 prodigia
799 2307 1024 2335 enarrasse.
1054 2293 1122 2336 Sic
1151 2293 1229 2336 hoc
1257 2295 1391 2347 capite
1419 2295 1608 2348 legimus,
1636 2309 1765 2347 quum

331 2362 375 2404 in
416 2362 573 2405 bellum
616 2364 767 2406 sociale
810 2365 1059 2419 mitteretur,
1101 2366 1212 2418 apud
1251 2366 1490 2409 Lavernam
1517 2367 1560 2420 2)
1601 2367 1765 2410 hiatum

381 2586 416 2630 1)
441 2584 589 2621 Auctor
624 2598 705 2621 rem
738 2586 856 2633 paulo
882 2587 994 2623 aliter
1017 2591 1148 2627 narrat
1171 2588 1212 2623 in
1236 2588 1432 2635 Apophth.
1458 2602 1493 2636 p.
1520 2589 1540 2625 7
1547 2591 1589 2625 39
1613 2589 1763 2626 Reiske.

380 2650 415 2691 2)
441 2649 567 2686 Locus
604 2651 762 2698 quidam
787 2651 827 2686 in
852 2652 948 2687 urbe
972 2653 1027 2688 ita
1051 2653 1268 2699 appellatus
1294 2653 1449 2689 videtur
1474 2654 1539 2700 (ad
1564 2667 1669 2691 aram
1693 2654 1763 2691 La-

332 2700 498 2741 vernae).
555 2697 650 2733 Erat
686 2702 816 2734 autem
851 2699 1027 2736 Laverna
1062 2700 1147 2736 Dea
1183 2713 1205 2736 a
1241 2700 1392 2736 furibus
1430 2705 1468 2737 et
1504 2702 1762 2739 fraudulentis

331 2743 550 2783 hominibus
576 2746 692 2788 culta,
719 2750 763 2781 ut
787 2750 923 2782 notum
948 2751 1006 2783 est
1031 2760 1077 2783 ex
1103 2748 1199 2784 Hor.
1226 2748 1295 2795 Ep.
1321 2749 1354 2784 Ι.
1382 2751 1437 2785 16.
1462 2751 1519 2786 60,

1002 2795 1173 2831 Pulchra
1197 2795 1384 2838 Laverna,

524 2839 586 2875 Da
609 2840 704 2876 mihi
729 2841 874 2883 fallere,
901 2842 950 2877 da
973 2843 1119 2878 iustum
1145 2847 1398 2890 sanctumque
1423 2844 1556 2887 videri,

521 2887 685 2928 Noctem
709 2889 874 2940 peccatis
899 2893 937 2926 et
962 2890 1163 2930 fraudibus
1190 2891 1296 2927 obice
1320 2891 1472 2932 nubem.
