1988 3366
1025 286 1078 326 92

834 468 1031 511 CAPUT
1057 468 1276 511 XXXII-I.

393 653 512 695 Bello
548 653 734 695 confecto
765 653 881 695 Sulla
911 653 1089 696 Romam
1118 667 1310 696 reversus
1338 658 1400 696 est
1434 654 1486 706 1).
1541 655 1703 707 Populo
1730 656 1774 698 in

340 725 575 766 contionem
604 729 829 767 convocato
860 725 992 767 multa
1020 724 1071 766 de
1099 739 1142 767 se
1157 725 1392 778 magnifice,
1409 726 1541 767 multa
1557 726 1776 768 minaciter

340 796 383 837 in
411 795 599 837 inimicos
627 796 789 837 locutus
817 800 902 838 est:
933 810 1021 838 sese
1050 797 1208 838 nemini
1236 811 1381 838 eorum
1410 797 1683 850 parciturum,
1703 796 1777 839 sed

343 866 543 908 extremis
582 866 793 918 suppliciis
834 871 1161 920 persecuturum,
1206 881 1341 919 neque
1382 882 1452 909 eos
1493 871 1672 919 tantum,
1706 868 1779 919 qui

345 941 568 989 praetores,
617 942 869 991 quaestores,
919 938 1077 980 tribuni
1125 939 1311 991 fuissent,
1354 953 1498 981 verum
1539 939 1666 981 etiam
1708 938 1780 990 qui

344 1012 482 1060 partes
509 1007 692 1050 hostium
721 1008 932 1051 fovissent.

397 1079 560 1120 Deinde
599 1079 643 1121 in
685 1080 887 1131 sanguine
930 1084 972 1122 et
1010 1079 1139 1122 caede
1167 1094 1337 1123 versans
1365 1080 1529 1122 nullum
1555 1079 1781 1122 mactando

346 1149 515 1191 modum
559 1150 719 1203 habuit,
759 1155 807 1192 ut
847 1154 935 1192 tota
976 1151 1123 1193 civitas
1162 1151 1379 1193 funeribus
1407 1151 1666 1201 impleretur.
1695 1150 1784 1193 Nec

349 1225 513 1262 tantum
552 1221 596 1263 in
636 1234 707 1262 eos
747 1222 818 1273 qui
859 1226 1005 1264 contra
1044 1235 1162 1263 arma
1203 1221 1400 1274 tulerant,
1444 1221 1516 1263 sed
1558 1222 1602 1263 in
1630 1221 1784 1263 multos

348 1292 532 1334 insontes
575 1292 810 1345 saevitum]
825 1297 888 1334 est
929 1294 984 1343 2).
1054 1293 1190 1334 Immo
1233 1293 1354 1334 multi
1396 1296 1563 1344 propter
1603 1291 1787 1344 privatas

350 1362 590 1405 inimicitias
618 1376 641 1403 e
669 1362 806 1404 medio
835 1363 1001 1412 sublati,
1032 1363 1149 1405 Sulla
1177 1367 1347 1405 auctore
1376 1363 1443 1404 vel
1462 1376 1633 1404 suorum
1653 1362 1789 1414 gratia

351 1435 623 1476 connivente:
664 1435 724 1476 ita
764 1434 922 1477 liberae
963 1449 1036 1487 per
1080 1433 1241 1476 Urbem
1282 1433 1441 1486 caedeS‚
1482 1433 1790 1486 percussoribus

351 1506 506 1558 passim
535 1506 797 1558 vagantibus,
826 1511 874 1547 ut
902 1519 1110 1558 quemque
1128 1506 1195 1547 vel
1212 1506 1275 1547 ira
1291 1506 1355 1547 vel
1372 1504 1528 1557 praeda
1541 1504 1791 1547 sollicitabat

352 1576 593 1628 agitabatur
623 1577 678 1628 3).
708 1576 860 1619 Omnia
889 1591 996 1628 quae
1029 1577 1191 1619 Marius
1218 1577 1503 1629 constituerat,
1532 1576 1651 1617 irrita
1677 1575 1789 1618 facta

352 1649 551 1698 sunt—Det
567 1648 654 1689 eius
670 1648 992 1700 reliquias‚apud
1001 1648 1209 1690 Anienem
1219 1646 1520 1699 sitas,dissipari
1533 1645 1789 1688 Sullaiussit.

409 1718 602 1770 Denique
643 1719 783 1760 omnia
824 1723 945 1760 erant
986 1718 1231 1771 praecipitia
1270 1719 1313 1760 in
1354 1717 1593 1770 republica:
1631 1715 1790 1769 „Mario

359 1790 480 1845 „olim
531 1791 688 1833 victore
731 1804 852 1832 nemo
892 1790 1029 1832 adhuc
1069 1789 1380 1838 inveniebatur,
1418 1788 1490 1840 qui
1533 1787 1643 1829 bona
1688 1787 1791 1830 civis

360 1863 566 1916 „Romani
607 1869 680 1904 aut
720 1862 875 1904 donare
902 1859 1076 1903 auderet
1103 1864 1177 1902 aut
1205 1864 1346 1912 petere
1375 1859 1609 1901 sustineret.
1665 1859 1792 1900 Nunc

361 1935 427 1989 „id
455 1948 619 1986 quoque
648 1930 831 1986 accessit,
859 1937 905 1975 ut
933 1932 1131 1976 saevitiae
1161 1946 1329 1974 causam
1349 1930 1551 1973 avaritiae
1575 1930 1794 1982 praeberet

363 2011 428 2060 „et
468 2005 614 2047 modus
656 2004 803 2057 culpae
831 2018 885 2046 ex
913 2004 1114 2056 pecuniae
1141 2002 1264 2045 modo
1293 2001 1625 2048 constitueretur,
1654 2005 1696 2042 et
1722 2000 1794 2051 qui

362 2077 529 2131 „fuisset
569 2076 752 2128 locuples
794 2076 912 2118 fieret
950 2089 1113 2125 nocens,
1141 2074 1204 2116 sui
1234 2074 1407 2125 quisque
1435 2072 1606 2124 periculi
1635 2085 1795 2113 merces

365 2148 505 2201 „foret,
554 2161 630 2189 nec
674 2147 897 2198 quicquam
944 2145 1157 2187 videretur
1185 2141 1306 2196 turpe
1349 2139 1458 2194 quod
1502 2146 1609 2184 esset
1649 2155 1795 2193 quaes-

366 2218 576 2273 „tuosum”
606 2221 659 2269 5).

413 2415 447 2459 1)
473 2414 571 2450 Sunt
612 2413 681 2461 qui
718 2412 937 2448 existiment
970 2423 1059 2447 eum
1085 2410 1312 2448 dictatorem
1337 2410 1509 2444 creatum
1534 2410 1619 2443 tum
1644 2406 1798 2442 demum

367 2462 514 2499 Urbem
549 2462 764 2509 ingressum
798 2472 879 2496 esse
921 2459 1113 2504 (Momms.
1151 2459 1195 2495 II
1230 2458 1323 2501 342).
1349 2456 1436 2492 Hoc
1462 2459 1591 2491 autem
1616 2467 1663 2490 ex
1688 2453 1798 2489 nullo

366 2514 522 2547 auctore
560 2512 725 2545 constat:
762 2508 878 2543 immo
920 2509 1019 2554 App.
1058 2507 1101 2543 B.
1129 2507 1169 2542 C.
1194 2506 1226 2541 I.
1253 2506 1298 2540 98
1323 2504 1441 2540 refert
1466 2515 1565 2545 eum,
1592 2505 1799 2549 antequam

366 2558 531 2594 dictator
555 2564 760 2598 crearetur,
785 2555 982 2603 paulisper
1007 2567 1053 2591 ex
1079 2554 1174 2590 urbe
1200 2552 1406 2590 secessisse.

416 2625 452 2668 2)
479 2622 581 2658 Vell.
605 2622 690 2658 Pat.
715 2622 771 2658 Π.
796 2623 854 2657 28.

419 2691 453 2733 3)
481 2689 593 2724 Oros.'
628 2688 676 2724 V.
717 2689 772 2723 21.
808 2688 907 2732 Aug.
935 2687 982 2722 de
1008 2685 1088 2721 Civ.
1115 2684 1191 2720 Dei
1215 2683 1291 2719 III.
1319 2683 1374 2718 28.
1400 2681 1504 2717 Flor.
1529 2680 1607 2716 111.
1632 2680 1689 2715 21.
1715 2678 1798 2714 Liv.

372 2737 474 2785 Epit.
501 2739 557 2772 88.
583 2738 683 2783 App.
710 2736 740 2770 Ι.
768 2737 823 2771 95.
851 2735 926 2770 Dio
953 2734 1044 2770 Cass
1081 2733 1232 2779 Fragm.
1259 2730 1358 2767 Peir.
1385 2730 1442 2766 76.

420 2807 455 2849 4)
482 2804 585 2839 ven.
610 2804 653 2839 Π
679 2804 735 2838 43.

423 2874 457 2921 5)
485 2870 587 2907 ven.
613 2870 656 2905 Π
694 2871 751 2909 22..
