1988 3366
849 327 899 373 15

152 516 294 561 fibro
332 515 566 569 arcessitus,
605 528 742 565 neque
780 528 878 557 cum
921 529 1052 567 parvo
1092 515 1296 568 praesidio
1335 516 1486 558 missus
1513 520 1589 558 est.

151 584 317 632 nonam
357 585 526 639 quidem
554 600 726 639 operam
754 586 938 638 navavit,
967 591 1015 628 ut
1039 586 1260 639 Iugurtha,
1288 587 1360 639 qui
1390 586 1588 629 nimirum

152 662 239 705 nm
276 658 456 712 supplex
499 657 554 701 ud
593 671 735 711 regem
780 657 959 711 fugerat,
1004 657 1083 700 sibi
1124 657 1380 701 traderetur:
1408 657 1482 701 sed
1509 671 1589 701 rex

148 728 287 784 mis
312 728 437 773 Marii
463 729 648 773 victoriis
673 742 801 781 quam
827 729 1060 781 quaestoris
1087 728 1328 782 eloquentia
1348 734 1393 773 et
1405 730 1588 773 astustia

150 800 380 857 perductus
416 805 492 849 est,
534 804 583 844 ut
624 814 770 854 pacem
809 814 836 843 a
878 799 1082 843 Romanis
1122 800 1360 844 redimeret.
1413 800 1588 844 Nobiles

150 885 255 918 vero
279 871 406 916 Harii
433 871 528 915 odio
555 871 719 915 incitati
746 870 914 914 laudem
942 871 1044 915 belli
1072 871 1251 915 consecti
1277 871 1420 915 Sullae
1436 872 1590 925 impor-

153 942 380 998 fiebunt,
405 942 478 996 qui
505 947 644 986 tantos
670 942 749 985 sibi
777 942 947 995 spiritus
973 947 1100 995 atque
1127 946 1291 986 tantam
1305 944 1589 996 arrogantiam

150 1014 343 1069 minuit,
355 1018 404 1057 ut
416 1012 685 1057 traditionem
694 1013 850 1056 annulo
858 1013 1084 1066 signatorio
1094 1014 1342 1067 insculptam
1352 1013 1539 1058 haberet.
1551 1017 1590 1065 l)

153 1085 272 1130 Φύσει
309 1084 580 1139 μεγάλαυχος
618 1085 666 1138 ἂν
708 1086 775 1128 καὶ
814 1086 905 1129 τότε
933 1090 1094 1139 πρῶτον,
1120 1086 1165 1128 ἐκ
1191 1085 1280 1138 βίου
1313 1089 1498 1128 ταπεινοῦ
1524 1086 1591 1128 καὶ

150 1157 327 1210 α’γνὸτσς
370 1156 410 1200 ἓν
454 1173 527 1200 τινι
568 1162 674 1210 λόγῳ
713 1158 884 1208 γεγονὼς
925 1157 1035 1211 πειραὶ
1075 1161 1154 1204 τοῖς
1200 1156 1381 1204 πολίταις
1423 1157 1489 1199 καὶ
1522 1160 1590 1199 τοῦ

151 1229 344 1280 τιμᾶσθαι
369 1228 576 1280 γενόμενος
602 1228 655 1276 εἷς
679 1231 793 1271 τοῦτο
821 1228 1054 1281 Φιλοτιμίας
1078 1229 1271 1281 προῆλθεν.

721 1430 920 1474 CAPUT
948 1429 1027 1474 IV.

207 1630 475 1685 Quamquam
515 1646 568 1676 ea
598 1632 780 1675 Marium
808 1632 1063 1686 pungebant,
1090 1636 1232 1675 tamen
1260 1631 1422 1675 Sullam
1449 1631 1589 1675 inferi·

153 1717 272 1748 orem
308 1718 435 1756 quam
477 1703 544 1747 eui
578 1703 785 1746 invideret
815 1708 944 1756 ratus,
971 1717 1022 1746 eo
1049 1703 1188 1756 legato
1214 1703 1258 1746 in
1284 1702 1466 1747 secundo
1491 1716 1588 1746 cou-

152 1774 293 1819 sulatu
319 1776 434 1828 (104)
461 1779 505 1818 et
531 1774 701 1818 tribuno
728 1774 911 1817 militum
938 1774 981 1817 in
1010 1775 1134 1817 tertio
1163 1776 1281 1829 (103)
1306 1789 1406 1818 usus
1432 1779 1513 1817 est:
1544 1773 1588 1816 id

153 1851 298 1891 autom
338 1847 538 1900 temporis
576 1846 735 1890 bellum
762 1847 1015 1890 acerrimum
1042 1851 1169 1899 atque
1196 1846 1587 1900 periculosissimum

153 1922 301 1963 contra
326 1918 519 1962 Cimbros
546 1923 589 1961 et
616 1918 828 1962 Teutonos
853 1918 1092 1972 gerebatur.

207 1989 321 2034 Eum
361 1988 429 2033 hic
455 1990 668 2043 egregiam
695 2002 865 2043 operam
892 1988 1054 2032 dedisse
1078 2003 1222 2032 omnes
1247 1990 1467 2043 scriptores
1492 2003 1586 2033 oon·

154 2060 324 2105 flmiant
351 2061 413 2114 2):
447 2060 741 2112 „illustratus‚'’
770 2060 829 2103 ita
857 2059 968 2103 Vell.
998 2060 1091 2103 Pat.
1125 2060 1192 2113 „in
1211 2060 1352 2103 Gallia
1366 2060 1588 2113 legatione,

158 2143 268 2187 „qua
292 2132 639 2175 eminentissimos
665 2132 792 2174 duces
818 2130 1000 2174 hostium
1027 2130 1230 2174 fuderat?

208 2201 396 2256 laegatus
444 2202 556 2246 euim
600 2201 821 2254 Copillum,
871 2215 1013 2254 regem
1055 2200 1394 2254 Tectosagorum,
1444 2199 1588 2243 vivum

155 2273 277 2328 ospit-
329 2272 549 2326 Tectosagi
588 2279 679 2316 erat
716 2286 818 2325 gens
845 2271 1009 2315 Galliac
1038 2270 1332 2324 Narbonensis,
1361 2284 1470 2323 quae
1495 2284 1589 2313 seso

155 2358 253 2389 cum
282 2343 466 2387 Cimbris
497 2349 642 2386 contra
673 2343 884 2386 Romanos
909 2342 1174 2394 conjunxisse
1203 2340 1380 2384 videtur.
1436 2340 1585 2383 Tribu-

156 2428 236 2458 nus
262 2413 423 2457 Harsos
447 2416 499 2464 (ἲ)
526 2428 722 2467 magnum
750 2418 792 2456 et
821 2412 1061 2466 populosam
1089 2410 1341 2464 gentem‚ad
1359 2411 1586 2454 amicitiam

156 2491 202 2530 et
251 2486 493 2529 societatem
532 2499 628 2529 cum
669 2485 871 2527 Romanis
911 2483 1121 2537 perduxit.
1176 2482 1286 2533 Quid
1337 2482 1465 2525 Marsi
1509 2481 1588 2525 sibi

158 2558 304 2612 velint,
335 2570 419 2601 non
445 2562 618 2600 constat.
663 2554 867 2608 Equidem
896 2543 978 2597 non
1011 2554 1139 2607 probo
1166 2554 1416 2596 sententiam
1443 2566 1587 2596 eorum

158 2629 231 2682 qui
271 2627 515 2671 existimant
554 2641 623 2670 eos
664 2626 790 2669 fuisse
827 2624 1001 2678 Marsos,
1027 2625 1097 2677 qui
1123 2623 1177 2667 ad
1210 2623 1402 2677 Lippium
1431 2623 1586 2666 flumen

211 2824 247 2869 1)
295 2820 383 2859 val.
409 2820 515 2859 Max.
542 2819 657 2857 vm.
686 2821 740 2856 14.
765 2821 799 2857 4.

210 2888 248 2935 2)
296 2887 410 2924 Aust.
435 2886 484 2923 dc
510 2885 559 2924 V.
586 2885 617 2922 1.
643 2885 699 2922 75.
728 2883 829 2920 Veli.
856 2882 941 2920 Pat.
966 2882 1019 2919 11.
1047 2882 1102 2919 17.
