<?xml version="1.0" encoding="UTF-8"?>
<!DOCTYPE html PUBLIC "-//W3C//DTD XHTML 1.0 Transitional//EN"
    "http://www.w3.org/TR/xhtml1/DTD/xhtml1-transitional.dtd">
<html xmlns="http://www.w3.org/1999/xhtml" xml:lang="en" lang="en">
 <head>
  <title>
</title>
<meta http-equiv="Content-Type" content="text/html;charset=utf-8" />
  <meta name='ocr-system' content='tesseract 3.04.00' />
  <meta name='ocr-capabilities' content='ocr_page ocr_carea ocr_par ocr_line ocrx_word'/>
</head>
<body>
  <div class='ocr_page' id='page_1' title='image "./observationesinp00oppeuoft_0057.png"; bbox 0 0 1988 3366; ppageno 0'>
   <div class='ocr_carea' id='block_1_1' title="bbox 832 315 886 364">
    <p class='ocr_par' dir='ltr' id='par_1_1' title="bbox 832 315 886 364">
     <span class='ocr_line' id='line_1_1' title="bbox 832 315 886 364; baseline 0 0"><span class='ocrx_word' id='word_1_1' title='bbox 832 315 886 364; x_wconf 82' lang='lat'><strong>45</strong></span> 
     </span>
    </p>
   </div>
   <div class='ocr_carea' id='block_1_2' title="bbox 134 500 1575 1902">
    <p class='ocr_par' dir='ltr' id='par_1_2' title="bbox 134 500 1575 913">
     <span class='ocr_line' id='line_1_2' title="bbox 144 500 1574 560; baseline 0.001 -13"><span class='ocrx_word' id='word_1_2' title='bbox 144 506 149 513; x_wconf 80' lang='grc'><em>”</em></span> <span class='ocrx_word' id='word_1_3' title='bbox 190 500 374 548; x_wconf 77' lang='lat' dir='ltr'><strong>Barbari</strong></span> <span class='ocrx_word' id='word_1_4' title='bbox 401 518 702 558; x_wconf 69' lang='lat' dir='ltr'>saepenumero</span> <span class='ocrx_word' id='word_1_5' title='bbox 720 504 834 548; x_wconf 87' lang='lat' dir='ltr'><strong>haud</strong></span> <span class='ocrx_word' id='word_1_6' title='bbox 852 505 1075 549; x_wconf 78' lang='lat' dir='ltr'><strong>infeliciter</strong></span> <span class='ocrx_word' id='word_1_7' title='bbox 1087 506 1304 559; x_wconf 86' lang='lat' dir='ltr'><strong>eruptione</strong></span> <span class='ocrx_word' id='word_1_8' title='bbox 1317 504 1574 560; x_wconf 82' lang='lat' dir='ltr'><strong>pugnabant.</strong></span> 
     </span>
     <span class='ocr_line' id='line_1_3' title="bbox 138 570 1574 630; baseline 0.001 -12"><span class='ocrx_word' id='word_1_9' title='bbox 138 570 272 619; x_wconf 68' lang='lat' dir='ltr'><strong>Velut</strong></span> <span class='ocrx_word' id='word_1_10' title='bbox 310 588 407 618; x_wconf 88' lang='lat' dir='ltr'><strong>cum</strong></span> <span class='ocrx_word' id='word_1_11' title='bbox 448 589 582 619; x_wconf 83' lang='lat' dir='ltr'><strong>novae</strong></span> <span class='ocrx_word' id='word_1_12' title='bbox 623 576 766 630; x_wconf 81' lang='lat' dir='ltr'><strong>copiae</strong></span> <span class='ocrx_word' id='word_1_13' title='bbox 807 590 835 619; x_wconf 90' lang='lat' dir='ltr'><strong>a</strong></span> <span class='ocrx_word' id='word_1_14' title='bbox 861 576 1107 619; x_wconf 76' lang='lat' dir='ltr'><strong>Mithridate</strong></span> <span class='ocrx_word' id='word_1_15' title='bbox 1135 575 1430 621; x_wconf 70' lang='lat' dir='ltr'><strong>Dromichaete</strong></span> <span class='ocrx_word' id='word_1_16' title='bbox 1456 575 1574 630; x_wconf 88' lang='lat' dir='ltr'><strong>duce,</strong></span> 
     </span>
     <span class='ocr_line' id='line_1_4' title="bbox 135 644 1575 701; baseline 0.001 -11"><span class='ocrx_word' id='word_1_17' title='bbox 135 644 290 691; x_wconf 59' lang='lat' dir='ltr'><strong>mbae</strong></span> <span class='ocrx_word' id='word_1_18' title='bbox 328 645 382 690; x_wconf 87' lang='lat' dir='ltr'><strong>ad</strong></span> <span class='ocrx_word' id='word_1_19' title='bbox 426 646 624 690; x_wconf 88' lang='lat' dir='ltr'><strong>Piraeum</strong></span> <span class='ocrx_word' id='word_1_20' title='bbox 656 647 927 701; x_wconf 75' lang='lat' dir='ltr'><strong>appulissent,</strong></span> <span class='ocrx_word' id='word_1_21' title='bbox 955 647 1095 690; x_wconf 83' lang='lat' dir='ltr'><strong>hostes</strong></span> <span class='ocrx_word' id='word_1_22' title='bbox 1122 653 1210 691; x_wconf 86' lang='lat' dir='ltr'><strong>tam</strong></span> <span class='ocrx_word' id='word_1_23' title='bbox 1235 649 1391 692; x_wconf 85' lang='lat' dir='ltr'><strong>acriter</strong></span> <span class='ocrx_word' id='word_1_24' title='bbox 1415 648 1575 692; x_wconf 82' lang='lat' dir='ltr'><strong>invola·</strong></span> 
     </span>
     <span class='ocr_line' id='line_1_5' title="bbox 138 717 1574 772; baseline 0 -10"><span class='ocrx_word' id='word_1_25' title='bbox 138 721 307 772; x_wconf 74' lang='lat' dir='ltr'><strong>verunt,</strong></span> <span class='ocrx_word' id='word_1_26' title='bbox 333 721 382 760; x_wconf 91' lang='lat' dir='ltr'><strong>ut</strong></span> <span class='ocrx_word' id='word_1_27' title='bbox 408 717 591 761; x_wconf 81' lang='lat' dir='ltr'><strong>Romani</strong></span> <span class='ocrx_word' id='word_1_28' title='bbox 618 732 708 761; x_wconf 87' lang='lat' dir='ltr'><strong>sese</strong></span> <span class='ocrx_word' id='word_1_29' title='bbox 734 718 860 772; x_wconf 82' lang='lat' dir='ltr'><strong>fugae</strong></span> <span class='ocrx_word' id='word_1_30' title='bbox 888 717 1150 772; x_wconf 75' lang='lat' dir='ltr'><strong>mandarent,</strong></span> <span class='ocrx_word' id='word_1_31' title='bbox 1174 718 1305 762; x_wconf 90' lang='lat' dir='ltr'><strong>donec</strong></span> <span class='ocrx_word' id='word_1_32' title='bbox 1331 724 1574 763; x_wconf 86' lang='lat' dir='ltr'><strong>occurrente</strong></span> 
     </span>
     <span class='ocr_line' id='line_1_6' title="bbox 138 783 1575 844; baseline 0.002 -13"><span class='ocrx_word' id='word_1_33' title='bbox 138 783 319 832; x_wconf 59' lang='lat' dir='ltr'><strong>Iurene</strong></span> <span class='ocrx_word' id='word_1_34' title='bbox 358 791 486 841; x_wconf 88' lang='lat' dir='ltr'><strong>atque</strong></span> <span class='ocrx_word' id='word_1_35' title='bbox 525 789 609 831; x_wconf 81' lang='lat' dir='ltr'><strong>alia</strong></span> <span class='ocrx_word' id='word_1_36' title='bbox 650 789 829 843; x_wconf 84' lang='lat' dir='ltr'><strong>legione,</strong></span> <span class='ocrx_word' id='word_1_37' title='bbox 867 803 894 832; x_wconf 89' lang='lat' dir='ltr'><strong>a</strong></span> <span class='ocrx_word' id='word_1_38' title='bbox 939 790 1168 842; x_wconf 87' lang='lat' dir='ltr'><strong>lignatione</strong></span> <span class='ocrx_word' id='word_1_39' title='bbox 1201 803 1383 844; x_wconf 82' lang='lat' dir='ltr'><strong>reversa,</strong></span> <span class='ocrx_word' id='word_1_40' title='bbox 1407 803 1575 844; x_wconf 86' lang='lat' dir='ltr'><strong>pugnae</strong></span> 
     </span>
     <span class='ocr_line' id='line_1_7' title="bbox 134 858 1061 913; baseline 0.001 -11"><span class='ocrx_word' id='word_1_41' title='bbox 134 858 458 913; x_wconf 78' lang='lat' dir='ltr'><strong>superveniente</strong></span> <span class='ocrx_word' id='word_1_42' title='bbox 484 859 689 912; x_wconf 85' lang='lat' dir='ltr'><strong>proelium</strong></span> <span class='ocrx_word' id='word_1_43' title='bbox 716 860 957 903; x_wconf 82' lang='lat' dir='ltr'><strong>restitutum</strong></span> <span class='ocrx_word' id='word_1_44' title='bbox 985 865 1061 903; x_wconf 90' lang='lat' dir='ltr'><strong>est.</strong></span> 
     </span>
    </p>

    <p class='ocr_par' dir='ltr' id='par_1_3' title="bbox 136 928 1575 1902">
     <span class='ocr_line' id='line_1_8' title="bbox 189 928 1575 984; baseline 0 -11"><span class='ocrx_word' id='word_1_45' title='bbox 189 928 284 973; x_wconf 82' lang='lat' dir='ltr'><strong>Iam</strong></span> <span class='ocrx_word' id='word_1_46' title='bbox 323 929 506 973; x_wconf 86' lang='lat' dir='ltr'><strong>instante</strong></span> <span class='ocrx_word' id='word_1_47' title='bbox 549 929 700 984; x_wconf 89' lang='lat' dir='ltr'><strong>hieme,</strong></span> <span class='ocrx_word' id='word_1_48' title='bbox 743 930 862 973; x_wconf 89' lang='lat' dir='ltr'><strong>Sulla</strong></span> <span class='ocrx_word' id='word_1_49' title='bbox 901 930 956 973; x_wconf 81' lang='lat' dir='ltr'><strong>ad</strong></span> <span class='ocrx_word' id='word_1_50' title='bbox 996 930 1239 974; x_wconf 83' lang='lat' dir='ltr'><strong>Eleusinem</strong></span> <span class='ocrx_word' id='word_1_51' title='bbox 1268 931 1342 975; x_wconf 90' lang='lat' dir='ltr'><strong>ubi</strong></span> <span class='ocrx_word' id='word_1_52' title='bbox 1369 931 1575 974; x_wconf 79' lang='lat' dir='ltr'><strong>hiemaret</strong></span> 
     </span>
     <span class='ocr_line' id='line_1_9' title="bbox 141 1000 1574 1054; baseline 0.002 -11"><span class='ocrx_word' id='word_1_53' title='bbox 141 1003 280 1044; x_wconf 75' lang='lat' dir='ltr'><strong>eastra</strong></span> <span class='ocrx_word' id='word_1_54' title='bbox 316 1005 500 1044; x_wconf 80' lang='lat' dir='ltr'><strong>metatus</strong></span> <span class='ocrx_word' id='word_1_55' title='bbox 526 1000 678 1044; x_wconf 78' lang='lat' dir='ltr'><strong>fossam</strong></span> <span class='ocrx_word' id='word_1_56' title='bbox 707 1001 956 1054; x_wconf 77' lang='lat' dir='ltr'><strong>profundam</strong></span> <span class='ocrx_word' id='word_1_57' title='bbox 986 1017 1013 1045; x_wconf 89' lang='lat' dir='ltr'><strong>a</strong></span> <span class='ocrx_word' id='word_1_58' title='bbox 1041 1003 1255 1046; x_wconf 86' lang='lat' dir='ltr'><strong>montibus</strong></span> <span class='ocrx_word' id='word_1_59' title='bbox 1281 1002 1335 1046; x_wconf 82' lang='lat' dir='ltr'><strong>sd</strong></span> <span class='ocrx_word' id='word_1_60' title='bbox 1363 1016 1480 1046; x_wconf 87' lang='lat' dir='ltr'><strong>mare</strong></span> <span class='ocrx_word' id='word_1_61' title='bbox 1506 1002 1574 1046; x_wconf 87' lang='lat' dir='ltr'><strong>de·</strong></span> 
     </span>
     <span class='ocr_line' id='line_1_10' title="bbox 136 1069 1574 1126; baseline 0.002 -12"><span class='ocrx_word' id='word_1_62' title='bbox 136 1069 276 1119; x_wconf 80' lang='lat' dir='ltr'><strong>duxit,</strong></span> <span class='ocrx_word' id='word_1_63' title='bbox 315 1085 371 1114; x_wconf 89' lang='lat' dir='ltr'><strong>ne</strong></span> <span class='ocrx_word' id='word_1_64' title='bbox 409 1071 532 1115; x_wconf 83' lang='lat' dir='ltr'><strong>facile</strong></span> <span class='ocrx_word' id='word_1_65' title='bbox 574 1071 630 1115; x_wconf 89' lang='lat' dir='ltr'><strong>ab</strong></span> <span class='ocrx_word' id='word_1_66' title='bbox 670 1071 859 1115; x_wconf 78' lang='lat' dir='ltr'><strong>hostibus</strong></span> <span class='ocrx_word' id='word_1_67' title='bbox 899 1073 1202 1116; x_wconf 79' lang='lat' dir='ltr'><strong>incursaretur:</strong></span> <span class='ocrx_word' id='word_1_68' title='bbox 1247 1074 1433 1126; x_wconf 87' lang='lat' dir='ltr'><strong>qnotidie</strong></span> <span class='ocrx_word' id='word_1_69' title='bbox 1473 1088 1574 1117; x_wconf 77' lang='lat' dir='ltr'><strong>vero</strong></span> 
     </span>
     <span class='ocr_line' id='line_1_11' title="bbox 138 1141 1573 1196; baseline 0.003 -13"><span class='ocrx_word' id='word_1_70' title='bbox 138 1145 372 1195; x_wconf 83' lang='lat' dir='ltr'><strong>pugnatum</strong></span> <span class='ocrx_word' id='word_1_71' title='bbox 397 1146 463 1184; x_wconf 89' lang='lat' dir='ltr'><strong>est</strong></span> <span class='ocrx_word' id='word_1_72' title='bbox 488 1156 600 1185; x_wconf 90' lang='lat' dir='ltr'><strong>nunc</strong></span> <span class='ocrx_word' id='word_1_73' title='bbox 626 1141 679 1184; x_wconf 86' lang='lat' dir='ltr'><strong>ad</strong></span> <span class='ocrx_word' id='word_1_74' title='bbox 709 1142 874 1196; x_wconf 81' lang='lat' dir='ltr'><strong>fossam,</strong></span> <span class='ocrx_word' id='word_1_75' title='bbox 910 1157 1020 1186; x_wconf 91' lang='lat' dir='ltr'><strong>nunc</strong></span> <span class='ocrx_word' id='word_1_76' title='bbox 1034 1143 1087 1186; x_wconf 88' lang='lat' dir='ltr'><strong>ad</strong></span> <span class='ocrx_word' id='word_1_77' title='bbox 1102 1144 1383 1187; x_wconf 88' lang='lat' dir='ltr'><strong>murosurbis.</strong></span> <span class='ocrx_word' id='word_1_78' title='bbox 1413 1143 1573 1188; x_wconf 85' lang='lat' dir='ltr'><strong>Eodem</strong></span> 
     </span>
     <span class='ocr_line' id='line_1_12' title="bbox 137 1210 1573 1268; baseline 0.003 -13"><span class='ocrx_word' id='word_1_79' title='bbox 137 1215 326 1266; x_wconf 84' lang='lat' dir='ltr'><strong>tempore</strong></span> <span class='ocrx_word' id='word_1_80' title='bbox 351 1235 405 1243; x_wconf 90' lang='lat'>-</span> <span class='ocrx_word' id='word_1_81' title='bbox 432 1210 475 1263; x_wconf 76' lang='grc' dir='ltr'><strong>ἦν</strong></span> <span class='ocrx_word' id='word_1_82' title='bbox 502 1214 576 1264; x_wconf 76' lang='grc' dir='ltr'><strong>μὲν</strong></span> <span class='ocrx_word' id='word_1_83' title='bbox 605 1211 666 1256; x_wconf 77' lang='grc' dir='ltr'><strong>οὖν</strong></span> <span class='ocrx_word' id='word_1_84' title='bbox 693 1214 804 1266; x_wconf 66' lang='grc' dir='ltr'><strong>ἀκμὴ</strong></span> <span class='ocrx_word' id='word_1_85' title='bbox 832 1218 1023 1267; x_wconf 74' lang='grc' dir='ltr'><strong>χειμῶνος</strong></span> <span class='ocrx_word' id='word_1_86' title='bbox 1050 1237 1098 1244; x_wconf 90' lang='lat'><strong>-·</strong></span> <span class='ocrx_word' id='word_1_87' title='bbox 1129 1214 1356 1258; x_wconf 86' lang='lat' dir='ltr'><strong>Lucullum</strong></span> <span class='ocrx_word' id='word_1_88' title='bbox 1382 1219 1573 1268; x_wconf 86' lang='lat' dir='ltr'><strong>quaesto·</strong></span> 
     </span>
     <span class='ocr_line' id='line_1_13' title="bbox 146 1283 1573 1339; baseline 0.001 -12"><span class='ocrx_word' id='word_1_89' title='bbox 146 1297 238 1327; x_wconf 86' lang='lat' dir='ltr'><strong>rem</strong></span> <span class='ocrx_word' id='word_1_90' title='bbox 267 1283 311 1335; x_wconf 84' lang='lat'><strong>1)</strong></span> <span class='ocrx_word' id='word_1_91' title='bbox 337 1284 382 1327; x_wconf 89' lang='lat' dir='ltr'><strong>in</strong></span> <span class='ocrx_word' id='word_1_92' title='bbox 408 1284 655 1337; x_wconf 84' lang='lat' dir='ltr'><strong>Aegyptum</strong></span> <span class='ocrx_word' id='word_1_93' title='bbox 682 1289 726 1327; x_wconf 87' lang='lat' dir='ltr'><strong>et</strong></span> <span class='ocrx_word' id='word_1_94' title='bbox 753 1284 922 1337; x_wconf 87' lang='lat' dir='ltr'><strong>Syriam</strong></span> <span class='ocrx_word' id='word_1_95' title='bbox 948 1285 1073 1337; x_wconf 82' lang='lat' dir='ltr'><strong>misit,</strong></span> <span class='ocrx_word' id='word_1_96' title='bbox 1092 1290 1140 1328; x_wconf 92' lang='lat' dir='ltr'><strong>ut</strong></span> <span class='ocrx_word' id='word_1_97' title='bbox 1156 1285 1330 1329; x_wconf 86' lang='lat' dir='ltr'><strong>classem</strong></span> <span class='ocrx_word' id='word_1_98' title='bbox 1344 1286 1573 1339; x_wconf 87' lang='lat' dir='ltr'><strong>colligeret.</strong></span> 
     </span>
     <span class='ocr_line' id='line_1_14' title="bbox 141 1353 1574 1409; baseline 0.001 -11"><span class='ocrx_word' id='word_1_99' title='bbox 141 1353 402 1398; x_wconf 80' lang='lat' dir='ltr'><strong>Archelaum</strong></span> <span class='ocrx_word' id='word_1_100' title='bbox 428 1354 554 1407; x_wconf 85' lang='lat' dir='ltr'><strong>enim,</strong></span> <span class='ocrx_word' id='word_1_101' title='bbox 581 1355 648 1397; x_wconf 92' lang='lat' dir='ltr'><strong>cui</strong></span> <span class='ocrx_word' id='word_1_102' title='bbox 675 1368 793 1398; x_wconf 86' lang='lat' dir='ltr'><strong>mare</strong></span> <span class='ocrx_word' id='word_1_103' title='bbox 820 1355 1004 1409; x_wconf 85' lang='lat' dir='ltr'><strong>patebat,</strong></span> <span class='ocrx_word' id='word_1_104' title='bbox 1032 1360 1268 1399; x_wconf 76' lang='lat' dir='ltr'><strong>commeatu</strong></span> <span class='ocrx_word' id='word_1_105' title='bbox 1295 1355 1574 1400; x_wconf 82' lang='lat' dir='ltr'><strong>intercludere</strong></span> 
     </span>
     <span class='ocr_line' id='line_1_15' title="bbox 141 1425 1573 1482; baseline 0.002 -14"><span class='ocrx_word' id='word_1_106' title='bbox 141 1437 227 1468; x_wconf 86' lang='lat' dir='ltr'><strong>non</strong></span> <span class='ocrx_word' id='word_1_107' title='bbox 252 1425 403 1479; x_wconf 88' lang='lat' dir='ltr'><strong>potuit,</strong></span> <span class='ocrx_word' id='word_1_108' title='bbox 428 1425 501 1477; x_wconf 88' lang='lat' dir='ltr'><strong>qui</strong></span> <span class='ocrx_word' id='word_1_109' title='bbox 527 1425 656 1468; x_wconf 87' lang='lat' dir='ltr'><strong>etiam</strong></span> <span class='ocrx_word' id='word_1_110' title='bbox 680 1425 884 1480; x_wconf 78' lang='lat' dir='ltr'><strong>Athenas,</strong></span> <span class='ocrx_word' id='word_1_111' title='bbox 910 1426 985 1469; x_wconf 91' lang='lat' dir='ltr'><strong>ubi</strong></span> <span class='ocrx_word' id='word_1_112' title='bbox 1013 1426 1124 1469; x_wconf 83' lang='lat' dir='ltr'><strong>fame</strong></span> <span class='ocrx_word' id='word_1_113' title='bbox 1140 1426 1424 1482; x_wconf 84' lang='lat' dir='ltr'><strong>laborabatur,</strong></span> <span class='ocrx_word' id='word_1_114' title='bbox 1439 1427 1573 1471; x_wconf 88' lang='lat' dir='ltr'><strong>suble·</strong></span> 
     </span>
     <span class='ocr_line' id='line_1_16' title="bbox 139 1494 1574 1553; baseline 0.002 -14"><span class='ocrx_word' id='word_1_115' title='bbox 139 1508 243 1539; x_wconf 79' lang='lat' dir='ltr'><strong>vare</strong></span> <span class='ocrx_word' id='word_1_116' title='bbox 283 1494 517 1538; x_wconf 71' lang='lat' dir='ltr'><strong>contendit:</strong></span> <span class='ocrx_word' id='word_1_117' title='bbox 559 1509 631 1538; x_wconf 80' lang='lat' dir='ltr'><strong>eas</strong></span> <span class='ocrx_word' id='word_1_118' title='bbox 657 1500 800 1539; x_wconf 86' lang='lat' dir='ltr'><strong>autem</strong></span> <span class='ocrx_word' id='word_1_119' title='bbox 827 1496 973 1540; x_wconf 87' lang='lat' dir='ltr'><strong>multis</strong></span> <span class='ocrx_word' id='word_1_120' title='bbox 998 1496 1180 1540; x_wconf 84' lang='lat' dir='ltr'><strong>castellis</strong></span> <span class='ocrx_word' id='word_1_121' title='bbox 1206 1497 1493 1553; x_wconf 88' lang='lat' dir='ltr'><strong>circumdedit,</strong></span> <span class='ocrx_word' id='word_1_122' title='bbox 1518 1512 1574 1542; x_wconf 90' lang='lat' dir='ltr'><strong>ne</strong></span> 
     </span>
     <span class='ocr_line' id='line_1_17' title="bbox 138 1565 1574 1620; baseline 0.003 -12"><span class='ocrx_word' id='word_1_123' title='bbox 138 1565 234 1619; x_wconf 80' lang='lat' dir='ltr'><strong>quis</strong></span> <span class='ocrx_word' id='word_1_124' title='bbox 258 1565 444 1620; x_wconf 76' lang='lat' dir='ltr'><strong>effugere</strong></span> <span class='ocrx_word' id='word_1_125' title='bbox 470 1570 618 1620; x_wconf 85' lang='lat' dir='ltr'><strong>posset.</strong></span> <span class='ocrx_word' id='word_1_126' title='bbox 673 1566 854 1610; x_wconf 89' lang='lat' dir='ltr'><strong>Ineunte</strong></span> <span class='ocrx_word' id='word_1_127' title='bbox 867 1581 966 1610; x_wconf 78' lang='lat' dir='ltr'><strong>vere</strong></span> <span class='ocrx_word' id='word_1_128' title='bbox 985 1567 1183 1611; x_wconf 88' lang='lat' dir='ltr'><strong>Piraeum</strong></span> <span class='ocrx_word' id='word_1_129' title='bbox 1200 1572 1287 1611; x_wconf 86' lang='lat' dir='ltr'><strong>tam</strong></span> <span class='ocrx_word' id='word_1_130' title='bbox 1303 1567 1574 1612; x_wconf 84' lang='lat' dir='ltr'><strong>vehementer</strong></span> 
     </span>
     <span class='ocr_line' id='line_1_18' title="bbox 137 1637 1574 1691; baseline 0.003 -12"><span class='ocrx_word' id='word_1_131' title='bbox 137 1649 359 1690; x_wconf 81' lang='lat' dir='ltr'><strong>aggressus</strong></span> <span class='ocrx_word' id='word_1_132' title='bbox 385 1643 463 1691; x_wconf 87' lang='lat' dir='ltr'><strong>est,</strong></span> <span class='ocrx_word' id='word_1_133' title='bbox 490 1641 537 1680; x_wconf 88' lang='lat' dir='ltr'><strong>ut</strong></span> <span class='ocrx_word' id='word_1_134' title='bbox 563 1637 775 1680; x_wconf 90' lang='lat' dir='ltr'><strong>moenium</strong></span> <span class='ocrx_word' id='word_1_135' title='bbox 802 1642 964 1691; x_wconf 84' lang='lat' dir='ltr'><strong>partem</strong></span> <span class='ocrx_word' id='word_1_136' title='bbox 991 1638 1229 1684; x_wconf 80' lang='lat' dir='ltr'><strong>subrueret;</strong></span> <span class='ocrx_word' id='word_1_137' title='bbox 1256 1652 1352 1682; x_wconf 88' lang='lat' dir='ltr'><strong>cum</strong></span> <span class='ocrx_word' id='word_1_138' title='bbox 1365 1638 1574 1683; x_wconf 88' lang='lat' dir='ltr'><strong>nihilomi-</strong></span> 
     </span>
     <span class='ocr_line' id='line_1_19' title="bbox 138 1706 1575 1763; baseline 0.003 -13"><span class='ocrx_word' id='word_1_139' title='bbox 138 1720 219 1751; x_wconf 85' lang='lat' dir='ltr'><strong>nus</strong></span> <span class='ocrx_word' id='word_1_140' title='bbox 257 1706 313 1751; x_wconf 83' lang='lat' dir='ltr'><strong>ab</strong></span> <span class='ocrx_word' id='word_1_141' title='bbox 354 1706 544 1751; x_wconf 73' lang='lat' dir='ltr'><strong>hostibus</strong></span> <span class='ocrx_word' id='word_1_142' title='bbox 582 1708 775 1761; x_wconf 86' lang='lat' dir='ltr'><strong>repulsus</strong></span> <span class='ocrx_word' id='word_1_143' title='bbox 810 1713 931 1762; x_wconf 85' lang='lat' dir='ltr'><strong>esset,</strong></span> <span class='ocrx_word' id='word_1_144' title='bbox 958 1708 1014 1752; x_wconf 89' lang='lat' dir='ltr'><strong>ab</strong></span> <span class='ocrx_word' id='word_1_145' title='bbox 1040 1710 1350 1763; x_wconf 85' lang='lat' dir='ltr'><strong>oppugnatione</strong></span> <span class='ocrx_word' id='word_1_146' title='bbox 1375 1709 1575 1754; x_wconf 76' lang='lat' dir='ltr'><strong>desistere</strong></span> 
     </span>
     <span class='ocr_line' id='line_1_20' title="bbox 136 1778 1573 1833; baseline 0.002 -12"><span class='ocrx_word' id='word_1_147' title='bbox 136 1780 266 1831; x_wconf 74' lang='lat' dir='ltr'><strong>atque</strong></span> <span class='ocrx_word' id='word_1_148' title='bbox 290 1791 390 1821; x_wconf 89' lang='lat' dir='ltr'><strong>eum</strong></span> <span class='ocrx_word' id='word_1_149' title='bbox 417 1778 608 1822; x_wconf 87' lang='lat' dir='ltr'><strong>obsidere</strong></span> <span class='ocrx_word' id='word_1_150' title='bbox 634 1779 829 1822; x_wconf 82' lang='lat' dir='ltr'><strong>instituit.</strong></span> <span class='ocrx_word' id='word_1_151' title='bbox 886 1778 982 1833; x_wconf 88' lang='lat' dir='ltr'><strong>Ipse</strong></span> <span class='ocrx_word' id='word_1_152' title='bbox 1010 1792 1110 1823; x_wconf 84' lang='lat' dir='ltr'><strong>vero</strong></span> <span class='ocrx_word' id='word_1_153' title='bbox 1135 1779 1191 1823; x_wconf 89' lang='lat' dir='ltr'><strong>ab</strong></span> <span class='ocrx_word' id='word_1_154' title='bbox 1222 1779 1372 1823; x_wconf 89' lang='lat' dir='ltr'><strong>urbem</strong></span> <span class='ocrx_word' id='word_1_155' title='bbox 1400 1794 1450 1824; x_wconf 83' lang='lat' dir='ltr'><strong>se</strong></span> <span class='ocrx_word' id='word_1_156' title='bbox 1475 1795 1573 1824; x_wconf 86' lang='lat' dir='ltr'><strong>eon·</strong></span> 
     </span>
     <span class='ocr_line' id='line_1_21' title="bbox 139 1848 358 1902; baseline 0.005 -11"><span class='ocrx_word' id='word_1_157' title='bbox 139 1848 273 1892; x_wconf 79' lang='lat' dir='ltr'><strong>vertit</strong></span> <span class='ocrx_word' id='word_1_158' title='bbox 300 1848 358 1902; x_wconf 84' lang='lat'><strong>2).</strong></span> 
     </span>
    </p>
   </div>
   <div class='ocr_carea' id='block_1_3' title="bbox 686 2043 1042 2089">
    <p class='ocr_par' dir='ltr' id='par_1_4' title="bbox 686 2043 1042 2089">
     <span class='ocr_line' id='line_1_22' title="bbox 686 2043 1042 2089; baseline -0.006 -1"><span class='ocrx_word' id='word_1_159' title='bbox 686 2043 886 2089; x_wconf 74' lang='lat' dir='ltr'>CAPUT</span> <span class='ocrx_word' id='word_1_160' title='bbox 913 2044 1042 2088; x_wconf 85' lang='lat' dir='ltr'>XIII.</span> 
     </span>
    </p>
   </div>
   <div class='ocr_carea' id='block_1_4' title="bbox 142 2226 1573 2566">
    <p class='ocr_par' dir='ltr' id='par_1_5' title="bbox 142 2226 1573 2566">
     <span class='ocr_line' id='line_1_23' title="bbox 193 2226 1572 2284; baseline 0.001 -13"><span class='ocrx_word' id='word_1_161' title='bbox 193 2226 386 2272; x_wconf 75' lang='lat' dir='ltr'><strong>Athenas</strong></span> <span class='ocrx_word' id='word_1_162' title='bbox 399 2242 644 2281; x_wconf 81' lang='lat' dir='ltr'><strong>expugnare</strong></span> <span class='ocrx_word' id='word_1_163' title='bbox 657 2228 798 2271; x_wconf 79' lang='lat' dir='ltr'><strong>auimo</strong></span> <span class='ocrx_word' id='word_1_164' title='bbox 819 2228 1027 2282; x_wconf 85' lang='lat' dir='ltr'><strong>gestiebat</strong></span> <span class='ocrx_word' id='word_1_165' title='bbox 1042 2229 1109 2272; x_wconf 84' lang='lat' dir='ltr'><strong>vel</strong></span> <span class='ocrx_word' id='word_1_166' title='bbox 1125 2226 1358 2283; x_wconf 68' lang='grc' dir='ltr'><strong>σκιομαχᾶν</strong></span> <span class='ocrx_word' id='word_1_167' title='bbox 1387 2231 1480 2284; x_wconf 71' lang='grc' dir='ltr'><strong>πρὸς</strong></span> <span class='ocrx_word' id='word_1_168' title='bbox 1504 2231 1572 2280; x_wconf 71' lang='grc' dir='ltr'><strong>τὴν</strong></span> 
     </span>
     <span class='ocr_line' id='line_1_24' title="bbox 142 2296 1573 2354; baseline 0.002 -13"><span class='ocrx_word' id='word_1_169' title='bbox 142 2296 275 2341; x_wconf 68' lang='grc' dir='ltr'><strong><em>τάλαι</em></strong></span> <span class='ocrx_word' id='word_1_170' title='bbox 294 2304 362 2348; x_wconf 73' lang='grc' dir='ltr'><strong>τῆς</strong></span> <span class='ocrx_word' id='word_1_171' title='bbox 383 2298 530 2346; x_wconf 71' lang='grc' dir='ltr'><strong><em>πόλεως</em></strong></span> <span class='ocrx_word' id='word_1_172' title='bbox 544 2297 662 2349; x_wconf 56' lang='grc' dir='ltr'><em>δόξαν</em></span> <span class='ocrx_word' id='word_1_173' title='bbox 683 2298 750 2342; x_wconf 82' lang='lat' dir='ltr'><strong>vel</strong></span> <span class='ocrx_word' id='word_1_174' title='bbox 771 2299 957 2342; x_wconf 85' lang='lat' dir='ltr'><strong>irritatus</strong></span> <span class='ocrx_word' id='word_1_175' title='bbox 973 2299 1166 2353; x_wconf 86' lang='lat' dir='ltr'><strong>dicteriis,</strong></span> <span class='ocrx_word' id='word_1_176' title='bbox 1179 2299 1331 2352; x_wconf 85' lang='lat' dir='ltr'><strong>quibus</strong></span> <span class='ocrx_word' id='word_1_177' title='bbox 1344 2300 1502 2345; x_wconf 78' lang='lat' dir='ltr'><strong>Aristio</strong></span> <span class='ocrx_word' id='word_1_178' title='bbox 1515 2300 1573 2354; x_wconf 88' lang='lat' dir='ltr'><strong>ip·</strong></span> 
     </span>
     <span class='ocr_line' id='line_1_25' title="bbox 146 2367 1572 2421; baseline 0.002 -10"><span class='ocrx_word' id='word_1_179' title='bbox 146 2381 242 2411; x_wconf 86' lang='lat' dir='ltr'><strong>sum</strong></span> <span class='ocrx_word' id='word_1_180' title='bbox 256 2367 556 2421; x_wconf 77' lang='lat' dir='ltr'><strong>Metellamque</strong></span> <span class='ocrx_word' id='word_1_181' title='bbox 582 2383 638 2411; x_wconf 87' lang='lat' dir='ltr'><strong>ex</strong></span> <span class='ocrx_word' id='word_1_182' title='bbox 652 2369 783 2412; x_wconf 84' lang='lat' dir='ltr'><strong>muris</strong></span> <span class='ocrx_word' id='word_1_183' title='bbox 797 2368 1033 2412; x_wconf 84' lang='lat' dir='ltr'><strong>insultando</strong></span> <span class='ocrx_word' id='word_1_184' title='bbox 1046 2374 1089 2412; x_wconf 91' lang='lat' dir='ltr'><strong>et</strong></span> <span class='ocrx_word' id='word_1_185' title='bbox 1105 2368 1331 2413; x_wconf 88' lang='lat' dir='ltr'><strong>deridendo</strong></span> <span class='ocrx_word' id='word_1_186' title='bbox 1346 2370 1572 2414; x_wconf 83' lang='lat' dir='ltr'><strong>exacerba-</strong></span> 
     </span>
     <span class='ocr_line' id='line_1_26' title="bbox 142 2437 1573 2496; baseline 0.002 -14"><span class='ocrx_word' id='word_1_187' title='bbox 142 2439 204 2482; x_wconf 78' lang='lat' dir='ltr'><strong>vit</strong></span> <span class='ocrx_word' id='word_1_188' title='bbox 216 2440 272 2493; x_wconf 74' lang='lat'><strong>3).</strong></span> <span class='ocrx_word' id='word_1_189' title='bbox 313 2437 475 2489; x_wconf 80' lang='lat' dir='ltr'><strong>Quibus</strong></span> <span class='ocrx_word' id='word_1_190' title='bbox 495 2439 769 2493; x_wconf 87' lang='lat' dir='ltr'><strong>Plutarcheis,</strong></span> <span class='ocrx_word' id='word_1_191' title='bbox 784 2441 817 2483; x_wconf 86' lang='lat' dir='ltr'><strong>si</strong></span> <span class='ocrx_word' id='word_1_192' title='bbox 831 2439 931 2493; x_wconf 85' lang='lat' dir='ltr'><strong>quid</strong></span> <span class='ocrx_word' id='word_1_193' title='bbox 945 2440 1098 2494; x_wconf 82' lang='lat' dir='ltr'><strong>valent,</strong></span> <span class='ocrx_word' id='word_1_194' title='bbox 1112 2439 1190 2484; x_wconf 93' lang='lat' dir='ltr'><strong>hoc</strong></span> <span class='ocrx_word' id='word_1_195' title='bbox 1209 2441 1391 2494; x_wconf 82' lang='lat' dir='ltr'><strong>profecto</strong></span> <span class='ocrx_word' id='word_1_196' title='bbox 1403 2447 1573 2496; x_wconf 89' lang='lat' dir='ltr'><strong>antepo-</strong></span> 
     </span>
     <span class='ocr_line' id='line_1_27' title="bbox 144 2508 1572 2566; baseline 0.003 -13"><span class='ocrx_word' id='word_1_197' title='bbox 144 2508 329 2553; x_wconf 89' lang='lat' dir='ltr'><strong>nendum</strong></span> <span class='ocrx_word' id='word_1_198' title='bbox 369 2514 432 2553; x_wconf 80' lang='lat' dir='ltr'><strong>est</strong></span> <span class='ocrx_word' id='word_1_199' title='bbox 459 2510 503 2553; x_wconf 90' lang='lat' dir='ltr'><strong>in</strong></span> <span class='ocrx_word' id='word_1_200' title='bbox 532 2509 674 2554; x_wconf 86' lang='lat' dir='ltr'><strong>Sullae</strong></span> <span class='ocrx_word' id='word_1_201' title='bbox 704 2524 791 2554; x_wconf 88' lang='lat' dir='ltr'><strong>rem</strong></span> <span class='ocrx_word' id='word_1_202' title='bbox 819 2524 920 2561; x_wconf 80' lang='lat' dir='ltr'><strong>esse,</strong></span> <span class='ocrx_word' id='word_1_203' title='bbox 951 2515 998 2554; x_wconf 84' lang='lat' dir='ltr'><strong>ut</strong></span> <span class='ocrx_word' id='word_1_204' title='bbox 1025 2510 1135 2554; x_wconf 89' lang='lat' dir='ltr'><strong>bello</strong></span> <span class='ocrx_word' id='word_1_205' title='bbox 1171 2511 1213 2554; x_wconf 88' lang='lat' dir='ltr'><strong>in</strong></span> <span class='ocrx_word' id='word_1_206' title='bbox 1242 2510 1421 2556; x_wconf 82' lang='lat' dir='ltr'><strong>Graecia</strong></span> <span class='ocrx_word' id='word_1_207' title='bbox 1445 2527 1572 2566; x_wconf 85' lang='lat' dir='ltr'><strong>quam</strong></span> 
     </span>
    </p>
   </div>
   <div class='ocr_carea' id='block_1_5' title="bbox 166 2629 327 2634">
    <p class='ocr_par' dir='ltr' id='par_1_6' title="bbox 166 2629 327 2634">
     <span class='ocr_line' id='line_1_28' title="bbox 166 2629 327 2634; baseline 0 0"><span class='ocrx_word' id='word_1_208' title='bbox 166 2629 327 2634; x_wconf 95' lang='lat' dir='ltr'><strong> </strong></span> 
     </span>
    </p>
   </div>
   <div class='ocr_carea' id='block_1_6' title="bbox 194 2701 1008 2751">
    <p class='ocr_par' dir='ltr' id='par_1_7' title="bbox 194 2701 1008 2751">
     <span class='ocr_line' id='line_1_29' title="bbox 194 2701 1008 2751; baseline 0.002 -13"><span class='ocrx_word' id='word_1_209' title='bbox 194 2702 229 2748; x_wconf 90' lang='lat' dir='ltr'><strong>l)</strong></span> <span class='ocrx_word' id='word_1_210' title='bbox 253 2702 353 2751; x_wconf 79' lang='lat' dir='ltr'><strong>App.</strong></span> <span class='ocrx_word' id='word_1_211' title='bbox 379 2701 422 2739; x_wconf 84' lang='lat' dir='ltr'><strong>B.</strong></span> <span class='ocrx_word' id='word_1_212' title='bbox 448 2701 504 2740; x_wconf 80' lang='lat' dir='ltr'><strong>M.</strong></span> <span class='ocrx_word' id='word_1_213' title='bbox 525 2702 572 2739; x_wconf 79' lang='lat'><strong>3³</strong></span> <span class='ocrx_word' id='word_1_214' title='bbox 596 2714 683 2739; x_wconf 84' lang='lat' dir='ltr'><strong>eum</strong></span> <span class='ocrx_word' id='word_1_215' title='bbox 710 2702 878 2750; x_wconf 78' lang='lat' dir='ltr'><strong>legatum</strong></span> <span class='ocrx_word' id='word_1_216' title='bbox 905 2703 1008 2740; x_wconf 73' lang='lat' dir='ltr'><strong>facit.</strong></span> 
     </span>
    </p>
   </div>
   <div class='ocr_carea' id='block_1_7' title="bbox 146 2767 1571 2863">
    <p class='ocr_par' dir='ltr' id='par_1_8' title="bbox 146 2767 1571 2863">
     <span class='ocr_line' id='line_1_30' title="bbox 190 2767 1571 2815; baseline 0.004 -12"><span class='ocrx_word' id='word_1_217' title='bbox 190 2767 228 2811; x_wconf 80' lang='lat'><strong>2)</strong></span> <span class='ocrx_word' id='word_1_218' title='bbox 252 2768 402 2804; x_wconf 79' lang='lat' dir='ltr'><strong>Auctor</strong></span> <span class='ocrx_word' id='word_1_219' title='bbox 426 2771 555 2803; x_wconf 78' lang='lat' dir='ltr'><strong>noster</strong></span> <span class='ocrx_word' id='word_1_220' title='bbox 579 2779 638 2803; x_wconf 77' lang='lat' dir='ltr'><strong>res</strong></span> <span class='ocrx_word' id='word_1_221' title='bbox 656 2779 755 2814; x_wconf 80' lang='lat' dir='ltr'><strong>quac</strong></span> <span class='ocrx_word' id='word_1_222' title='bbox 770 2767 818 2803; x_wconf 75' lang='lat' dir='ltr'><strong>ad</strong></span> <span class='ocrx_word' id='word_1_223' title='bbox 835 2767 1012 2804; x_wconf 82' lang='lat' dir='ltr'><strong>Piraeum</strong></span> <span class='ocrx_word' id='word_1_224' title='bbox 1027 2769 1219 2815; x_wconf 80' lang='lat' dir='ltr'><strong>pertinent</strong></span> <span class='ocrx_word' id='word_1_225' title='bbox 1230 2780 1317 2806; x_wconf 86' lang='lat' dir='ltr'><strong>cum</strong></span> <span class='ocrx_word' id='word_1_226' title='bbox 1332 2768 1571 2808; x_wconf 77' lang='lat' dir='ltr'><strong>Athenarum</strong></span> 
     </span>
     <span class='ocr_line' id='line_1_31' title="bbox 146 2814 1154 2863; baseline 0.002 -13"><span class='ocrx_word' id='word_1_227' title='bbox 146 2814 432 2862; x_wconf 82' lang='lat' dir='ltr'><strong>oppugnatione</strong></span> <span class='ocrx_word' id='word_1_228' title='bbox 456 2814 676 2851; x_wconf 75' lang='lat' dir='ltr'><strong>confudisse</strong></span> <span class='ocrx_word' id='word_1_229' title='bbox 702 2814 857 2851; x_wconf 83' lang='lat' dir='ltr'><strong>videtur</strong></span> <span class='ocrx_word' id='word_1_230' title='bbox 881 2815 928 2851; x_wconf 75' lang='lat' dir='ltr'><strong>cf.</strong></span> <span class='ocrx_word' id='word_1_231' title='bbox 954 2817 1053 2863; x_wconf 80' lang='lat' dir='ltr'><strong>App.</strong></span> <span class='ocrx_word' id='word_1_232' title='bbox 1081 2815 1103 2852; x_wconf 94' lang='lat' dir='ltr'><strong>l.</strong></span> <span class='ocrx_word' id='word_1_233' title='bbox 1131 2816 1154 2853; x_wconf 84' lang='lat' dir='ltr'><strong>l.</strong></span> 
     </span>
    </p>
   </div>
   <div class='ocr_carea' id='block_1_8' title="bbox 194 2878 952 2927">
    <p class='ocr_par' dir='ltr' id='par_1_9' title="bbox 194 2878 952 2927">
     <span class='ocr_line' id='line_1_32' title="bbox 194 2878 952 2927; baseline 0.005 -15"><span class='ocrx_word' id='word_1_234' title='bbox 194 2878 231 2923; x_wconf 80' lang='lat'><strong>³)</strong></span> <span class='ocrx_word' id='word_1_235' title='bbox 256 2878 364 2915; x_wconf 79' lang='lat' dir='ltr'><strong>Idem</strong></span> <span class='ocrx_word' id='word_1_236' title='bbox 390 2883 570 2916; x_wconf 78' lang='lat' dir='ltr'><strong>narratur</strong></span> <span class='ocrx_word' id='word_1_237' title='bbox 593 2878 641 2915; x_wconf 84' lang='lat' dir='ltr'><strong>dc</strong></span> <span class='ocrx_word' id='word_1_238' title='bbox 666 2879 808 2924; x_wconf 67' lang='lat' dir='ltr'><strong>gart-ul.</strong></span> <span class='ocrx_word' id='word_1_239' title='bbox 835 2892 868 2927; x_wconf 85' lang='lat' dir='ltr'><strong>p.</strong></span> <span class='ocrx_word' id='word_1_240' title='bbox 899 2881 952 2916; x_wconf 89' lang='lat' dir='ltr'><strong>ll.</strong></span> 
     </span>
    </p>
   </div>
  </div>
 </body>
</html>
