1988 3366
1049 304 1100 345 24

354 487 589 530 exercitum
635 488 792 539 refecit,
836 491 973 529 castra
1014 501 1141 540 prope
1183 486 1363 530 Acerras
1390 488 1578 540 contulit,
1606 493 1653 532 ut
1679 488 1789 531 hanc

356 559 503 600 urbem
517 558 730 600 obsidione
759 559 976 600 eximeret.
1005 558 1162 610 Papius
1183 573 1282 600 vero
1298 558 1529 611 Oxyntam.
1545 560 1572 602 J
1576 559 1783 612 ugurthae

355 629 501 683 filium,
530 630 639 680 regis
667 629 766 670 olim
794 628 1088 679 Numidarum,
1105 629 1376 671 e'Venusina
1396 629 1439 671 in
1457 644 1541 681 qua
1555 633 1645 672 tum
1659 645 1789 673 asser-

357 700 535 764 yabatur
563 700 750 742 custodia
778 700 974 742 eductum
1003 704 1277 752 ornatumque
1306 715 1502 754 purpura,
1522 701 1789 753 popularibus

358 772 458 825 eius,
498 771 575 814 sub
604 771 782 813 Caesare
810 772 1099 819 militantibus,
1129 771 1376 813 ostentabat.
1424 771 1532 814 Cum
1560 772 1791 824 complures

358 846 405 884 ut
445 842 498 883 ad
533 856 676 894 regem
704 842 1026 895 transfugerent,
1055 843 1197 884 consul
1226 846 1409 884 caeteros
1437 846 1484 883 ut
1511 847 1720 895 suspectos
1746 843 1791 884 in

355 913 544 955 Africam
585 913 755 954 remisit.
811 912 929 954 Tune
970 912 1102 964 Papio
1138 917 1295 954 temere
1334 917 1471 955 castra
1493 913 1691 955 'Romana
1720 927 1791 965 op·

356 998 543 1037 pugnare
580 998 692 1036 auso,
722 984 876 1025 Caesar
906 987 1026 1035 porta
1054 983 1285 1025 decumana
1312 984 1500 1035 equitatu
1525 983 1686 1036 emisso,
1716 998 1791 1026 sex

355 1055 472 1097 milia
499 1054 681 1096 hostium
710 1054 900 1106 concidit,
930 1054 1046 1096 cuius
1075 1054 1271 1096 victoriae
1300 1058 1416 1096 tanta
1444 1054 1523 1096 fuit
1551 1054 1727 1107 laetitia,
1743 1060 1791 1096 ut

357 1125 519 1168 Romae
548 1140 647 1177 saga
675 1130 941 1179 ponerentur,
972 1125 1181 1167 exercitus
1211 1129 1352 1168 autem
1382 1125 1594 1167 consulem
1613 1125 1791 1178 impera·

360 1202 493 1240 torem
521 1197 734 1239 salutaret.

414 1268 495 1310 Sed
526 1282 607 1310 non
637 1272 753 1310 tanto
782 1268 934 1319 gaudio
950 1268 992 1310 id
1006 1268 1269 1310 commodum
1286 1267 1456 1320 dignum
1473 1268 1598 1310 fuisse
1614 1267 1792 1320 videtur,
1824 1287 1827 1289 ·

361 1354 456 1381 cum
486 1339 640 1381 Caesar
668 1353 750 1380 non
778 1339 911 1380 multo
941 1343 1031 1391 post
1059 1338 1112 1380 ab
1141 1338 1310 1380 Acerris
1339 1339 1567 1381 recesserit.

413 1410 530 1452 Sulla
577 1411 744 1452 interim
794 1425 889 1452 cum
940 1410 1087 1462 viginti
1138 1414 1317 1462 quatuor
1363 1409 1602 1452 cohortibus
1642 1409 1791 1452 missus

360 1481 610 1523 Aeserniam
651 1481 863 1523 obsidione
900 1485 1115 1522 exemerat
1147 1481 1200 1534 1),
1229 1480 1301 1522 sed
1328 1495 1428 1523 mox
1453 1480 1598 1523 cedere
1626 1484 1794 1523 coactus

362 1557 425 1593 est
454 1552 588 1594 Mario
619 1551 813 1604 Egnatio,
842 1556 889 1593 ut
917 1552 1072 1604 opinor,
1101 1551 1470 1605 appropinquante,
1498 1565 1622 1602 quem
1641 1565 1737 1593 cum
1751 1551 1795 1593 in

362 1637 412 1664 ea
453 1624 621 1674 regione
658 1627 813 1675 ageret,
845 1622 887 1663 id
916 1622 1114 1674 oppidum
1143 1622 1349 1664 obsedisse
1378 1628 1504 1674 atque
1532 1637 1791 1675 expugnasse

362 1695 546 1746 suspicor
574 1695 630 1747 2).
684 1695 780 1736 Non
823 1694 954 1736 multo
996 1698 1087 1746 post
1129 1694 1317 1736 Caesaris
1344 1694 1574 1747 victoriam,
1602 1693 1714 1745 quod
1741 1708 1796 1736 ex

363 1765 484 1806 Livio
527 1765 639 1816 Epit.
670 1767 719 1807 73
757 1764 905 1806 deduci
936 1769 1083 1816 potest,
1111 1764 1222 1806 fame
1250 1768 1437 1817 urgente,
1466 1764 1671 1807 Aesernia
1699 1778 1796 1806 cum

362 1835 419 1876 M.
450 1835 649 1877 Marcello
677 1836 814 1887 legato
844 1836 886 1877 in
917 1835 1169 1877 Samnitium
1198 1840 1448 1887 potestatem
1475 1836 1601 1877 venit.
1633 1834 1795 1877 Deinde

361 1906 519 1948 Marius
560 1907 765 1958 Egnatius
798 1907 1032 1948 Venafrum
1061 1906 1339 1963 circumsedit,
1368 1920 1493 1957 quam
1523 1905 1671 1948 urbem
1699 1919 1792 1958 pro-

359 1977 515 2018 ditione
545 1978 763 2028 oceupavit
790 1977 930 2028 ibique
964 1977 1067 2018 duas
1095 1976 1284 2019 cohortes
1311 1976 1502 2018 concidit.

412 2049 537 2089 Anno
579 2052 760 2089 exeunte
804 2048 948 2089 consul
989 2047 1169 2089 Romam
1212 2061 1403 2090 reversus
1444 2051 1507 2089 est
1543 2046 1597 2089 ad
1625 2046 1794 2088 comitia

360 2119 593 2161 consularia
621 2118 828 2172 habenda,
857 2119 930 2160 ubi
956 2119 1094 2171 legem
1123 2118 1364 2161 ‹Iuliam-de
1393 2119 1563 2160 civitate
1590 2117 1794 2160 sociorum

363 2190 471 2231 tulit.

418 2260 481 2301 Eo
521 2260 643 2302 modo
673 2261 715 2302 in
746 2260 938 2302 inferiore
967 2260 1066 2301 belli
1093 2259 1191 2302 sede
1218 2264 1449 2312 pugnatum
1477 2264 1552 2303 est.
1580 2259 1798 2312 Appianus

365 2337 506 2374 autem
535 2332 584 2373 B.
615 2332 660 2374 O.
690 2332 724 2374 I.
754 2335 820 2374 46.
849 2337 994 2374 auctor
1023 2337 1084 2374 est
1116 2332 1275 2374 Sullam
1306 2332 1433 2374 etiam
1462 2337 1606 2374 contra
1636 2332 1796 2374 Marsos

365 2417 585 2454 pugnasse:
618 2417 713 2444 eum
729 2404 873 2445 eastris
903 2403 1054 2444 iunctis
1082 2417 1177 2445 eum
1207 2402 1355 2455 Mario,
1386 2403 1457 2454 qui
1485 2402 1534 2444 P.
1565 2402 1726 2445 Rutilio
1753 2406 1796 2444 et

367 2474 413 2522 Q.
431 2475 638 2526 Caepione
667 2474 908 2525 interfectis,
941 2488 1151 2515 summum
1167 2474 1383 2515 obtinebat
1398 2474 1635 2527 imperium,
1650 2472 1798 2515 Marsis

366 2545 524 2586 cladem
550 2545 738 2586 intulisse
762 2550 804 2586 et
828 2559 957 2596 usque
984 2545 1037 2586 ad
1064 2558 1181 2596 sepes
1197 2545 1432 2587 vinetorum
1446 2548 1683 2596 persecutos
1697 2557 1796 2596 esse,

417 2752 449 2794 1)
477 2750 588 2787 Oros.
615 2750 662 2785 V.
691 2752 745 2785 18.

396 2813 567 2898 b2)dN0n
603 2814 665 2849 hic
703 2814 858 2860 quidem
899 2813 1130 2856 nominatur,
1165 2813 1232 2849 sed.
1268 2813 1386 2862 paulo
1424 2816 1512 2863 post
1551 2813 1592 2848 in
1634 2811 1798 2851 Venafri

371 2874 393 2898 0
423 2874 454 2897 si
483 2873 579 2898 ione.
