1988 3366
1105 317 1160 374 32

407 517 479 569 qui
504 523 600 559 eam
629 516 826 558 conviciis
853 529 877 558 e
904 516 1036 558 muris
1063 516 1271 568 prosecuti
1298 519 1447 569 essent,
1477 515 1531 558 ob
1560 530 1654 559 eam
1670 529 1841 558 causam

406 587 551 630 durius
606 587 854 629 consuleret.
908 586 1055 628 Prima
1096 587 1133 628 ei
1174 586 1255 628 fuit
1299 586 1394 639 Ilia,
1435 599 1563 638 quam
1616 585 1842 629 admodum

406 658 645 700 adolescens
687 657 888 701 duxeram
931 657 1035 700 haec
1063 658 1103 700 ei
1130 657 1302 699 filiolam
1332 656 1479 710 edidit,
1508 670 1616 709 quae
1644 657 1846 710 Pompeio

407 730 518 772 Rufo
558 730 710 783 nupsit3
752 729 977 772 secundam
1019 729 1167 771 habuit
1196 729 1375 771 Aeliam.
1429 728 1584 771 Utrum
1614 728 1691 771 has
1718 729 1845 771 etiam

406 800 690 852 repudiaverit
736 815 790 842 an
830 803 966 842 morte
1003 800 1202 853 amiserit,
1230 814 1315 842 non
1343 803 1517 842 constat.
1571 799 1677 842 Erat
1697 806 1840 842 autem

406 872 450 914 in
477 872 705 914 multorum
732 871 936 914 nobilium
963 870 1122 913 invidia
1148 871 1406 924 populusque
1423 870 1732 926 indignabatur,
1746 885 1842 914 cum

407 943 671 984 matrimonio
696 942 916 994 indignum
945 941 1193 999 iudicarent,
1221 955 1347 994 quem
1377 942 1667 995 dignissimum
1697 956 1842 985 consu-

405 1014 496 1055 latu
536 1013 791 1055 habuerant:
835 1014 900 1055 οὐκ
940 1012 1046 1063 ἄξιον
1085 1014 1287 1065 ἡγούμενοι
1329 1018 1398 1062 τῆς
1440 1014 1634 1065 γυναικὸς,
1662 1013 1700 1056 ὅν
1737 1011 1845 1063 ἄξιον

407 1084 602 1129 ὑπατείαις
651 1083 810 1138 ἔκριναν,
853 1083 900 1129 ὥς
949 1088 1067 1138 φησιν
1113 1085 1129 1127 o‘
1171 1084 1288 1129 Τίτος
1323 1085 1351 1127 i.
1380 1098 1415 1127 e.
1459 1084 1508 1129 Τ.
1537 1084 1696 1138 Livius,
1721 1097 1846 1136 quem

406 1156 492 1198 solo
518 1155 789 1208 praenomine
818 1158 964 1198 auctor
993 1155 1190 1209 appellat,
1217 1160 1265 1198 ut
1292 1156 1457 1208 saepius
1484 1155 1622 1198 facere
1635 1155 1751 1197 solet.
1779 1154 1846 1197 Ea

407 1230 561 1280 autem,
601 1239 708 1278 quae
744 1230 889 1268 auctor
928 1226 1006 1269 hoc
1045 1226 1136 1269 loco
1177 1227 1324 1280 tangit,
1365 1226 1418 1269 ad
1446 1226 1538 1269 Liv.
1566 1226 1594 1269 l.
1622 1224 1842 1269 LXXVII

407 1297 627 1351 pertinent,
656 1297 728 1349 qui
756 1296 996 1350 deperditus
1023 1301 1098 1340 est.

849 1499 1046 1543 CAPUT
1075 1500 1165 1543 VII
1195 1523 1249 1530 —
1275 1499 1402 1544 VIII.

455 1703 573 1745 Sulla
612 1702 875 1744 consulatum
916 1702 959 1745 id
1001 1702 1200 1754 temporis
1240 1701 1294 1744 ad
1334 1701 1476 1744 futura
1511 1699 1844 1754 parvipendens

412 1772 649 1814 vehementi
691 1773 822 1814 animi
863 1772 1015 1815 affectu
1055 1773 1214 1814 bellum
1242 1771 1576 1814 Mithridaticum
1604 1770 1843 1813 affectabat.

411 1843 468 1885 Et
520 1858 668 1886 revera
724 1844 764 1885 ei
799 1843 903 1886 Asia
939 1843 1154 1896 provincia
1195 1847 1307 1885 sorte
1335 1843 1506 1886 obvenit
1536 1843 1601 1896 1):
1639 1842 1844 1884 ὑπατεύων

411 1913 541 1967 ἔλαχε
583 1911 814 1968 στρατηγεῖν
857 1920 924 1964 τῆς
972 1914 1117 1964 Ἀσίας
1158 1914 1224 1956 καὶ
1277 1917 1343 1956 τοῦ
1397 1913 1440 1955 δὲ
1481 1916 1547 1956 τοῦ
1576 1912 1844 1967 Μιθριδατείου

411 1985 586 2036 πολέμου
616 1985 671 2037 2).

465 2055 570 2097 Cum
587 2060 741 2107 autem,
752 2059 977 2107 antequam
992 2055 1036 2097 in
1051 2055 1198 2097 Asiam
1214 2054 1555 2107 proficisceretur,
1571 2054 1680 2095 circa
1692 2052 1845 2095 Nolam

411 2133 644 2168 moraretur
687 2127 780 2179 (sub
822 2126 948 2168 finem
989 2141 1085 2168 ann.
1127 2128 1195 2174 88)
1232 2130 1286 2167 ut·
1319 2125 1420 2167 belli
1461 2124 1622 2166 socialis
1647 2123 1844 2175 reliquias

410 2197 588 2249 tolleret,
631 2197 802 2250 Marius,
843 2197 1074 2239 ambitione
1116 2197 1320 2249 impulsus
1347 2200 1389 2237 et
1417 2195 1574 2247 gloriae
1603 2194 1844 2247 cupiditate,

411 2268 450 2309 ei
478 2268 721 2310 adversatus
747 2268 1021 2320 perniciosam
1050 2268 1167 2309 illam
1186 2267 1430 2309 seditionem
1453 2266 1620 2308 molitus
1634 2270 1708 2318 est,
1724 2278 1844 2316 equa

410 2339 621 2381 maximae
649 2339 903 2391 reipublicae
934 2339 1193 2381 calamitates
1220 2341 1457 2380 manarunt.
1492 2336 1576 2379 Eas
1606 2337 1722 2379 Deus
1749 2350 1843 2389 pro-

412 2409 533 2461 digiis
561 2409 752 2462 ostendit,
780 2423 883 2461 quas
898 2409 1148 2452 Plutarchus
1160 2422 1275 2451 more
1290 2408 1409 2450 solito
1425 2407 1648 2459 diligenter
1662 2410 1843 2460 enarrat,

412 2493 546 2530 neque
587 2480 704 2522 abest
746 2480 935 2532 suspicio.
976 2481 1077 2531 quin
1120 2494 1174 2522 ex
1218 2479 1335 2522 Sulla
1374 2479 1462 2531 ipso
1507 2477 1704 2520 hauserit.
1745 2477 1842 2519 Non

412 2564 514 2601 opus
543 2554 605 2592 est
646 2565 789 2593 omnes
817 2551 917 2593 istas
944 2565 1077 2603 nugas
1106 2551 1273 2603 referre,
1303 2563 1410 2602 quae
1439 2553 1575 2592 totum
1603 2549 1689 2591 fere
1717 2551 1844 2600 caput

412 2619 502 2662 VII
543 2621 727 2673 explent.
782 2621 940 2675 Unum,
980 2635 1062 2673 quo
1105 2621 1314 2672 docemur,
1342 2620 1443 2672 quid
1470 2620 1653 2663 Romani
1680 2619 1761 2662 sibi
1790 2617 1842 2661 de

461 2826 495 2871 1)
527 2825 622 2861 Vell.
648 2825 703 2861 II.
730 2827 786 2861 18.

459 2891 495 2936 2)
522 2890 620 2938 App.
645 2891 681 2926 b.
708 2902 738 2927 e.
765 2890 797 2927 1.
823 2893 880 2926 55.
