1988 3366
907 299 960 342 37

209 479 380 535 quidem
408 481 539 535 Sulla,
565 482 639 525 sed
665 482 880 526 intellecto
907 482 1091 527 Marium
1121 483 1164 527 id
1185 487 1451 537 spectat-Qut
1463 485 1645 538 spatium

207 551 498 606 intercederet,
526 552 628 596 dum
656 553 744 606 ipse
770 553 826 597 ad
852 553 1011 597 bellum
1041 558 1211 607 paratus
1238 563 1359 608 esset,
1388 555 1593 599 abeuntes
1622 569 1647 599 e

210 624 390 678 vestigio
430 629 599 668 secutus
641 638 739 667 eum
779 624 995 678 Pompeio,
1033 625 1106 677 qui
1134 625 1175 668 ei
1200 625 1550 679 appropinquanti
1578 641 1647 670 ac-

186 718 189 721 >
209 699 415 748 currerat,
455 694 638 738 Romam
681 694 910 739 contendit.
964 696 1066 739 Acri
1111 709 1253 749 pugna
1290 696 1523 750 commissa,
1562 711 1647 750 qua

208 764 300 819 ipse
323 764 443 819 signo
471 770 639 819 arrepto
667 765 711 808 in
742 766 921 819 primam
947 765 1082 809 aciem
1109 766 1342 819 provolavit
1356 767 1644 820 proeliumque

210 836 405 886 restituit,
431 835 549 879 Urbe
576 836 732 889 potitus
759 840 823 880 est
850 836 1115 889 Mariumque
1127 836 1290 890 fugavit
1308 839 1359 887 1).
1413 837 1496 881 Hic
1516 838 1645 892 igitur

207 906 368 960 primus
407 906 617 950 hostiliter
643 907 822 960 patriam
849 907 1059 960 ingressus
1085 912 1149 950 est
1181 921 1278 951 ann.
1303 909 1368 951 88.
1396 907 1482 951 Per
1508 913 1640 952 totam

209 980 375 1020 noctem
405 976 619 1030 vigilando
645 991 696 1020 ac
722 977 888 1030 singula
914 977 1006 1020 loca
1034 976 1226 1020 obeundo
1257 978 1411 1021 milites
1436 992 1462 1020 a
1491 979 1649 1032 rapinis

208 1047 455 1100 iniuriisque
496 1047 710 1101 prohibuit
735 1052 778 1091 et
805 1048 948 1091 statim
975 1048 1109 1101 primo
1137 1062 1261 1092 mane
1287 1049 1428 1102 populi
1454 1051 1647 1093 contione

208 1123 450 1172 convocata,
478 1118 532 1162 de
559 1123 672 1162 statu
688 1118 953 1171 reipublicae.
969 1119 1053 1161 iam
1068 1118 1227 1162 dudum
1246 1119 1496 1163 turbulentis
1511 1120 1644 1163 homi·

209 1189 335 1234 nibus
361 1188 552 1240 traditae,
579 1195 750 1242 questus
775 1194 856 1233 est:
885 1203 976 1232 sese
1001 1195 1141 1232 autem
1154 1195 1344 1234 coactum
1357 1191 1502 1234 fecisse
1527 1191 1647 1244 quid-

208 1259 312 1314 quid
338 1259 497 1304 factum
523 1265 644 1304 esset.

789 1378 987 1422 CAPUT
1014 1378 1070 1423 X.

263 1562 429 1606 Deinde
468 1566 616 1605 senatu
656 1567 799 1606 coacto
844 1562 979 1605 Mario
1021 1577 1117 1605 cum
1158 1563 1250 1606 aliis
1276 1562 1507 1616 duodecim,
1536 1564 1645 1606 inter

206 1645 312 1685 quos
351 1631 575 1686 Sulpicius,
602 1646 713 1685 aqua
740 1638 783 1675 et
812 1633 897 1685 igni
926 1632 1156 1686 interdixit,
1185 1634 1256 1685 qui
1284 1638 1474 1677 auctores
1500 1633 1640 1677 sediti-

207 1704 300 1748 onis
325 1718 445 1747 orma
471 1703 675 1747 adversus
701 1704 892 1747 consules
920 1704 1110 1747 mussent
1137 1709 1179 1747 et
1206 1705 1375 1747 servitia
1402 1704 1456 1747 ad
1484 1705 1639 1758 pileum

208 1774 522 1828 sollicitassent;
575 1775 910 1828 permissumque
949 1775 1201 1828 quicumque
1238 1775 1281 1818 in
1321 1789 1391 1818 eos
1433 1774 1642 1818 incidisset

211 1845 279 1889 vel
318 1845 489 1899 impune
529 1844 718 1888 occidere
746 1845 814 1887 vel
841 1844 894 1887 ad
921 1844 1110 1888 consules
1137 1845 1372 1897 retrahere;
1400 1846 1642 1889 eorumdem

210 1916 321 1960 bona
348 1916 562 1970 publicata
588 1921 687 1959 sunt
713 1920 759 1959 et
786 1915 942 1958 dimissi
970 1916 1042 1967 qui
1070 1929 1140 1958 eos
1168 1916 1454 1969 perquirerent
1483 1916 1541 1970 2).
1594 1916 1644 1959 In

209 1987 328 2031 curia
354 2000 463 2029 unus
477 1986 528 2036 Q.
548 1985 714 2029 Mucius
740 1985 942 2029 Scaevola
957 2000 1092 2038 augur
1108 1986 1253 2029 victori
1269 1986 1419 2029 restitit
1437 1986 1494 2039 3).
1512 1986 1640 2039 „Eius

213 2055 444 2112 {voluntati
485 2056 600 2099 nullo
643 2056 810 2099 obviam
840 2056 900 2099 iie
927 2055 1124 2108 audente,
1149 2056 1261 2099 solus
1287 2055 1489 2098 Scaevola
1515 2057 1643 2099 inter·

212 2132 409 2182 „rogatus
451 2126 505 2171 de
547 2126 626 2170 hac
660 2140 706 2169 re
735 2126 984 2170 sententiam
1014 2125 1152 2169 dicere
1179 2126 1325 2168 noluit.
1379 2126 1489 2175 Quin
1515 2126 1643 2169 etiam

213 2198 515 2254 ,mouleutius
555 2197 633 2240 sibi
687 2197 896 2240 minitanti
945 2196 1106 2240 Sullae:
1154 2195 1309 2249 „Licet,
1351 2197 1497 2248 inquit,
1539 2196 1641 2239 mihi

213 2270 407 2324 „agmina
460 2269 656 2317 militum,
695 2268 847 2321 quibus
892 2268 1051 2316 curiam
1093 2267 1406 2320 circumsedisti,
1448 2273 1642 2318 ostcutcS,

213 2340 334 2394 „licet
362 2345 540 2383 mortem
567 2339 793 2383 identidem
823 2338 1036 2390 miniteris,
1065 2352 1291 2389 numquam
1321 2343 1458 2379 tamen
1475 2338 1640 2385 efficies.

213 2417 286 2465 „ut
314 2416 483 2465 propter
509 2411 710 2464 exiguum
734 2410 988 2462 senilemque
1014 2410 1259 2461 sanguinem
1286 2422 1423 2451 meum
1439 2407 1632 2460 Marium,

213 2496 264 2538 „a
289 2496 374 2536 quo
398 2482 499 2527 urbs
525 2486 569 2527 et
594 2481 721 2525 Italia
748 2487 991 2540 conservata
1022 2485 1097 2531 est,
1129 2481 1284 2523 hostem
1316 2479 1532 2523 iudicem.'’

230 2603 421 2611 ————

260 2672 295 2716 1)
320 2670 415 2708 Rem
439 2669 608 2707 breviter
631 2668 829 2709 adstrinxi.
854 2668 946 2716 quia
974 2666 1019 2702 V.
1049 2666 1093 2703 D.
1119 2667 1213 2703 Smit
1240 2666 1392 2715 copiose
1417 2671 1455 2702 ot
1484 2667 1636 2715 egregie

210 2718 260 2757 de
283 2730 328 2755 ca
352 2717 566 2766 disputavit
589 2717 637 2754 ad
662 2730 693 2753 c.
719 2717 778 2752 ³5.

259 2784 296 2829 2)
320 2783 418 2831 App.
445 2781 480 2819 b.
506 2794 536 2819 c.
563 2781 595 2818 1.
620 2783 677 2817 0⁴).

182 2903 186 2907 ⁸
259 2849 297 2896 3)
323 2847 410 2887 Vol.
435 2846 541 2887 Max.
570 2846 649 2886 111.
672 2850 706 2884 8.
731 2849 765 2886 6.
