1988 3366
844 282 895 334 81'

127 487 131 490 ’
199 470 264 518 Ut
289 477 437 527 postea
467 472 715 525 videbimus,
745 474 866 519 Sulla
890 475 1037 519 audito
1064 476 1245 520 Lucium
1271 477 1492 529 Pontium,
1517 479 1591 531 qui

147 541 415 589 Samnitibus
443 550 650 600 praeerat,
666 545 897 589 Praeneste
915 546 1168 590 contendere
1181 547 1365 591 Marium
1379 547 1595 591 obsidione

144 618 431 669 mentum,
462 629 522 659 ex
548 615 747 660 Etruriae
782 618 930 661 castris
957 617 1160 661 discessit.
1214 618 1460 672 Antequam
1494 633 1593 662 vero

145 682 227 730 1!oe
266 691 482 740 conatum,
523 687 637 739 quod
664 688 708 731 in
739 702 924 742 pugnam
952 688 1006 732 ad
1037 688 1211 732 Portam
1240 689 1447 733 Collinam
1475 691 1593 743 exiit,

144 754 424 811 umbimus,
449 758 594 811 paucis
621 757 674 801 de
705 758 901 803 Carbone
929 758 1210 803 absolvemus.

197 825 312 878 Quid
355 828 487 882 igitur
529 828 682 883 Carbo,
723 829 843 874 Sulla
881 831 926 874 in
967 830 1141 874 Latium
1167 831 1381 885 profecto?
1435 831 1591 882 Quidni

145 896 258 942 hunc
303 903 451 942 eontra
489 898 690 943 Pontium
729 906 867 944 castra
905 907 1144 945 moventem
1188 902 1400 945 insecutus
1439 903 1590 945 itinere

143 967 369 1022 prohibere
395 970 643 1014 contendit?
697 970 793 1015 Hoc
820 971 934 1015 enim
963 972 1066 1016 belli
1097 972 1204 1016 ratio
1233 986 1402 1026 poscere
1416 972 1589 1016 videba-

143 1042 228 1085 tur.
280 1038 387 1084 Eius
418 1041 480 1084 rei
507 1055 677 1085 causam
706 1056 795 1086 esse
822 1043 1024 1097 suspicor,
1050 1043 1162 1096 quod
1190 1043 1388 1086 Metellus
1417 1043 1589 1086 Raven-

142 1120 244 1164 nm
288 1111 468 1155 navibus
511 1113 817 1157 circumvectus
886 1113 1114 1158 Uritanam
1166 1115 1395 1168 regionem,
1439 1129 1587 1168 agrum

142 1180 317 1236 plutum
357 1182 641 1236 frumentique
683 1184 868 1237 plenum,
909 1190 1152 1238 occupasset
1178 1191 1307 1238 atque
1335 1185 1585 1228 Norbanum

141 1251 188 1296 in
228 1251 372 1296 Gallia
398 1253 636 1308 Cispadane
675 1260 872 1309 agentem
913 1262 1095 1310 urgeret.
1148 1255 1230 1300 Oui
1265 1261 1313 1299 ut
1339 1256 1588 1299 subveniret

142 1321 284 1368 Carbo
309 1323 354 1367 in
381 1323 565 1368 Galliam
593 1325 803 1379 profectus
829 1326 1008 1370 videtur.
1049 1326 1158 1370 Cum
1175 1326 1377 1370 Norbano
1390 1327 1586 1370 coniunc-

143 1393 198 1439 tis
235 1395 384 1438 castris
421 1395 500 1439 snb
540 1410 762 1450 vesperum
803 1398 878 1440 vix
916 1411 1003 1441 una
1041 1397 1147 1440 hora
1173 1397 1257 1440 diei
1283 1397 1446 1450 reliqua
1473 1396 1586 1450 apud

142 1463 397 1510 Faventiam
437 1467 482 1510 in
524 1467 746 1511 Metellum
789 1468 910 1521 signa
937 1468 1190 1511 intulerunt:
1218 1467 1331 1520 quod
1358 1468 1493 1521 magis
1520 1468 1585 1511 ira

142 1549 273 1590 quem
309 1537 483 1581 consilio
525 1538 684 1582 iactum
725 1552 814 1582 esse
853 1538 1010 1592 dicunt,
1037 1539 1284 1592 praesertim
1311 1538 1421 1590 quod
1452 1538 1583 1581 densa

143 1607 289 1653 vineta
332 1608 472 1652 locum
518 1609 733 1663 pugnandi
776 1609 1009 1653 arctabant.
1063 1609 1281 1662 Temporis
1320 1609 1483 1661 locique
1523 1609 1582 1651 in·

141 1679 361 1724 commodo
389 1679 489 1723 victi
511 1685 672 1723 tantam
700 1680 863 1724 cladem
890 1685 1215 1734 acceperunt‚ut
1229 1679 1358 1722 totius
1370 1680 1583 1723 exercitus

140 1750 259 1796 mille
294 1751 368 1795 uni
394 1752 570 1795 servatis
596 1751 811 1795 ordinibus
839 1752 883 1795 in
911 1750 1126 1795 Etruriam
1156 1750 1375 1793 Arretium
1402 1764 1447 1793 se
1475 1750 1581 1793 reci-

140 1826 303 1877 perent.
332 1822 374 1876 1)

193 1892 288 1944 Qua
314 1892 434 1937 clade
460 1892 606 1936 audita
630 1893 742 1946 legio
770 1892 1054 1945 Lucanorum,
1070 1906 1196 1944 quam
1215 1891 1263 1934 P.
1287 1891 1581 1934 Albinovanus

138 1961 334 2017 ducebat,
361 1963 518 2007 frustra
544 1963 789 2017 indignante
816 1963 922 2006 duce
951 1962 1005 2005 ad
1034 1962 1252 2005 Metellum
1281 1961 1447 2005 defecit.
1501 1960 1579 2004 Al-

137 2033 372 2081 binovanus
399 2039 500 2078 tunc
527 2034 698 2087 quidem
725 2033 780 2077 ad
806 2033 1054 2077 Norbanum
1083 2032 1220 2085 rediit,
1247 2031 1320 2075 sed
1344 2046 1426 2075 non
1440 2031 1575 2074 multo

137 2110 231 2160 post
256 2120 353 2149 cum
382 2105 501 2149 Sulla
527 2106 614 2159 egit
641 2110 684 2148 et
713 2105 835 2148 venis
862 2105 1098 2157 impetrata.
1125 2104 1159 2146 si
1189 2102 1290 2155 quid
1304 2101 1578 2145 memorabile

139 2183 357 2231 patrasset,
384 2176 630 2220 Norbanum
658 2190 754 2219 cum
782 2174 977 2218 omnibus
990 2173 1193 2217 Carbonis
1219 2173 1369 2226 legatis
1397 2172 1451 2215 ad
1479 2187 1576 2216 con·

137 2247 297 2291 virium
339 2248 558 2299 invitavit;
586 2248 656 2299 qui
690 2261 785 2289 cum
816 2260 898 2288 uno
928 2245 1127 2288 Norbano
1154 2249 1331 2296 excepto
1358 2245 1575 2305 convenis·

136 2324 242 2371 sent,
282 2332 429 2362 omnes
468 2319 578 2361 inter
606 2318 751 2371 epulas
780 2316 975 2359 trucidati
1004 2321 1118 2358 sunt:
1150 2314 1302 2357 deinde
1329 2314 1382 2357 ud
1411 2314 1573 2357 Sullam

137 2389 331 2444 perfugit.
359 2388 453 2439 Quo
465 2386 1032 2439 auditosimulquenuntiato
1044 2385 1229 2428 eiusdem
1247 2384 1500 2427 Albinovani
1528 2385 1571 2437 2)

136 2460 370 2514 proditione
414 2459 656 2503 Ariminum
697 2464 866 2511 captum
895 2457 1187 2509 direptumque
1216 2470 1318 2507 esse,
1349 2455 1573 2498 Norbanus

135 2531 263 2575 rebus
300 2530 531 2584 desperatis
569 2530 863 2581 neminemque
908 2527 1148 2570 mortalium
1186 2526 1267 2569 fide
1296 2526 1469 2579 dignum
1497 2525 1570 2569 bs·

135 2601 240 2646 bens
279 2600 478 2645 Rhodum
519 2601 696 2654 traiecit,
736 2600 810 2643 ubi
847 2613 944 2643 cum
984 2613 1012 2642 a
1040 2598 1159 2642 Sulla
1185 2603 1496 2651 exposceretur,
1525 2597 1567 2640 in

185 2785 221 2831 1)
244 2784 344 2832 App.
369 2782 415 2820 B.
438 2782 479 2820 C·
505 2782 537 2819 1.
562 2784 620 2819 91.
646 2781 730 2819 Liv.
755 2780 826 2829 Ep.
849 2782 907 2817 88.
933 2779 1041 2817 Oros.
1068 2778 1116 2816 V.
1138 2780 1196 2816 m.

182 2848 221 2893 8)
245 2846 322 2884 cie.
348 2846 460 2884 Verr.
485 2846 519 2884 1.
546 2848 600 2884 14.
