1988 3366
858 334 934 378 107

230 522 479 566 Rectissime
501 535 589 564 rem
618 521 782 564 tradere
811 520 977 564 videtur
1018 519 1114 562 Val.
1146 518 1263 562 Max.
1290 517 1371 561 IX.
1408 518 1447 560 3.
1475 517 1512 560 8.
1537 514 1612 568 qui

174 598 389 638 caeterum
418 606 500 636 non
527 592 650 645 longe
662 591 717 634 ab
730 595 900 634 auctore
915 594 1054 633 nostro
1068 588 1293 642 discrepat:
1311 586 1523 641 „Puteolis
1550 617 1561 628 .
1577 614 1612 630 ..

177 662 353 720 ‚ardens
390 662 677 716 indignatione
713 660 826 715 quod
852 661 1048 714 Granius,
1075 660 1264 714 princeps
1290 658 1380 702 eius
1406 658 1612 711 coloniae,

178 734 454 791 ‚pecuniama
463 732 817 777 decurionibusad
831 731 1097 776 refectionem
1110 729 1306 784 Capitolii
1326 728 1610 782 »promissam

174 805 441 851 cunctantius
469 804 600 858 deret,
642 803 772 847 animi
813 803 1088 846 concitatione
1131 801 1260 844 nimia
1301 804 1428 853 atque
1467 799 1610 843 immo·

178 876 349 933 ¹,dorato
388 876 502 919 vocis
544 876 706 928 impetu
748 874 944 918 convulso
972 877 1138 927 pectore
1164 871 1357 926 spiritum
1385 883 1532 915 cruore
1562 883 1613 913 ac

179 948 330 1004 ,minis
354 948 528 991 mistum
557 946 783 990 evomuit.”

228 1018 451 1073 Appianus
477 1023 626 1061 centra
653 1017 782 1061 tradit
808 1031 906 1060 eum
934 1030 1008 1069 per
1034 1014 1241 1058 somnium
1268 1013 1347 1057 sibi
1368 1013 1504 1057 visum
1523 1027 1613 1057 eoee

177 1103 206 1134 a
240 1089 328 1133 fato
367 1089 452 1132 iam
496 1088 722 1142 appellari:
778 1102 877 1131 mox
905 1091 951 1130 ut
978 1086 1130 1139 illuxit,
1158 1090 1328 1128 narrato
1355 1084 1501 1127 amicis
1526 1084 1614 1127 suis

177 1160 338 1205 somnio
388 1159 628 1203 testamenti
671 1157 837 1202 tabulas
875 1157 1056 1201 scribere
1094 1156 1230 1208 coepit
1269 1154 1500 1207 eodemque
1541 1153 1609 1197 die

177 1230 367 1274 confecit.
420 1229 583 1280 Quibus
622 1229 851 1282 obsignatis
891 1228 970 1271 sub
1014 1240 1232 1280 vesperum
1263 1224 1371 1269 febri
1397 1229 1613 1278 correptus

99 1318 101 1320 ’
179 1315 233 1347 ea
258 1305 381 1345 necte
406 1315 431 1344 e
460 1301 547 1344 vita
574 1301 766 1343 excessit.

232 1372 408 1416 Liberos
447 1372 615 1424 reliquit
642 1371 745 1414 duos
772 1385 796 1414 e
824 1370 997 1413 Metella
1023 1369 1202 1411 infantes
1229 1381 1379 1421 nempe
1407 1367 1611 1410 Faustum

180 1447 226 1487 et
263 1443 489 1487 Faustam:
533 1442 706 1485 Valeria
754 1446 845 1494 post
883 1441 1044 1483 exitum
1071 1440 1160 1482 eius
1187 1438 1359 1482 filiolam
1386 1436 1517 1481 edidit
1545 1435 1613 1479 cui

180 1528 334 1559 nomen
361 1513 563 1557 Postuma
590 1512 747 1556 datum.

689 1636 888 1681 CAPUT
920 1634 1183 1679 XXXVIII.

235 1773 341 1818 Eius
380 1788 491 1817 mers
530 1773 672 1817 statim
713 1772 1006 1815 dissensionem
1059 1771 1200 1813 movit.
1242 1769 1350 1812 Cum
1400 1768 1512 1811 enim
1540 1767 1612 1810 alii

181 1849 398 1888 censerent
438 1858 587 1897 corpus
626 1842 790 1886 funebri
826 1855 977 1895 pompa
1016 1855 1088 1894 per
1128 1839 1294 1883 Italiam
1323 1837 1612 1881 deducendum

182 1928 272 1959 eme
310 1919 354 1957 et
394 1914 556 1957 Romae
594 1913 636 1956 in
664 1913 753 1956 foro
781 1909 1087 1964 exponendum,
1116 1909 1172 1952 M.
1202 1908 1406 1952 Aemilius
1430 1906 1614 1961 Lepidus

183 1983 382 2028 Sullanae
423 1983 592 2027 factioni
631 1981 892 2025 adversarius
932 1980 1136 2031 multique
1180 1978 1250 2021 elii
1296 1992 1439 2020 omnes
1467 1990 1615 2020 nervos

182 2053 503 2107 contendebant,
543 2059 590 2096 ut
630 2066 780 2106 eorpus
802 2051 923 2095 iustis
952 2050 1161 2102 exsequiis
1189 2050 1436 2102 privaretur.
1492 2047 1615 2089 Alter

183 2130 326 2168 autem
369 2124 511 2167 consul
554 2124 730 2167 Catulus
757 2127 800 2167 et
829 2122 1064 2174 Pompeius,
1091 2119 1282 2173 quamvis
1308 2118 1490 2161 ostensus
1517 2130 1612 2159 eum

184 2209 240 2239 ex
266 2195 411 2238 amicis
438 2209 546 2238 unus
574 2195 615 2237 in
645 2193 786 2237 Sullae
801 2196 1047 2235 testamento
1064 2192 1110 2242 2)
1127 2190 1373 2243 praeteritus
1387 2193 1506 2239 esset,
1523 2201 1614 2240 par-

130 2312 136 2317 ,
185 2267 261 2310 tim
303 2265 506 2320 precibus,
550 2265 701 2318 partim
743 2264 865 2307 minis
904 2262 1115 2305 obstantes
1154 2260 1454 2302 submoverunt
1495 2272 1613 2301 exse-

185 2336 375 2391 quiisque
405 2336 670 2379 securitatem
700 2335 854 2388 pariter
882 2348 929 2375 ne
957 2332 1081 2374 decus
1112 2331 1403 2384 praestiterunt
1430 2331 1486 2381 3).

240 2407 401 2461 Corpus
427 2406 625 2455 defuncti.
654 2419 781 2448 auree
809 2404 914 2447 lecto
944 2403 1178 2455 impositum
1196 2402 1235 2443 iu
1255 2400 1411 2443 Urbem
1429 2399 1614 2443 defertur

188 2478 303 2532 regie
332 2492 498 2532 prorsus
525 2477 660 2520 fastu:
691 2475 908 2519 tibicinum
936 2478 1104 2516 caterva
1123 2471 1364 2524 equitesque
1392 2478 1434 2516 et
1463 2486 1614 2526 magna

238 2672 274 2718 1)
301 2670 562 2708 Vehementer
586 2668 767 2717 cupiebat
801 2667 1036 2714 Capitolium
1062 2663 1256 2701 dedicare:
1284 2660 1508 2719 lios'tameu
1535 2654 1615 2692 soli·

189 2719 297 2804 εἰξῗιιιξί
317 2730 444 2804 13¹„ss
465 2717 750 2801 &firinati-ipsc
788 2715 953 2751 morione
990 2713 1187 2750 consonus
1221 2714 1290 2746 est.
1344 2705 1427 2743 lac.
1453 2703 1528 2740 ΙΙΙ.
1554 2703 1611 2742 79.

239 2831 275 2876 2)
301 2830 407 2868 Plut.
432 2830 567 2878 Pomp.
594 2831 649 2866 15.

242 2897 278 2944 ³)
304 2896 404 2946 App.
430 2895 473 2932 Β.
500 2896 530 2932 C
568 2894 599 2931 1.
628 2895 706 2933 106.
