1988 3366
854 283 908 328 ⁶9

161 468 265 521 iud
303 473 402 513 mut
441 468 672 513 delectibus
717 467 929 521 desistere,
999 467 1100 511 dum
1157 481 1401 521 responsum
1427 481 1455 510 a
1482 465 1603 510 Sulla

162 543 274 595 μοί
299 539 536 584 redditum:
577 539 621 583 hi
664 543 823 598 autem,
848 539 948 591 quia
975 538 1133 582 bellum
1179 538 1324 582 utilius
1376 537 1600 582 videbatur

161 609 376 656 obstantes
427 624 482 654 no
521 625 587 654 res
622 610 876 663 conveniret,
921 609 1032 653 dicto
1067 609 1286 653 audientes
1312 623 1396 653 non
1432 608 1603 652 fuerunt

109 732 115 741 ι
161 681 406 734 bellumque
445 682 490 724 in
538 680 762 724 Graeciam
804 680 1030 724 transferre
1074 679 1292 733 parabant.
1345 678 1429 723 Sed
1456 677 1597 723 Cinna

162 765 260 798 oum
276 751 439 796 ⁴milites
465 752 618 795 invitos
645 765 773 795 naves
812 750 1090 795 conscendere
1131 754 1311 804 cogeret,
1359 749 1605 793 interfectus

163 826 232 869 set
259 822 366 877 (84).

218 893 396 938 Interim
436 893 558 936 Sulla
585 893 784 946 legationi
813 892 868 935 ad
912 906 956 935 se
999 892 1150 935 missae
1179 890 1450 945 responderat
1477 905 1523 934 se
1559 891 1603 934 in

161 968 333 1011 ”natm
359 967 566 1018 potestate
592 963 795 1015 futurum,
821 963 857 1006 si
881 963 994 1006 cives
1021 963 1093 1015 qui
1122 977 1150 1005 a
1176 962 1315 1006 Cinna
1342 962 1448 1015 pulsi
1477 961 1532 1005 ad
1558 976 1604 1005 se

160 1034 445 1090 confugissent
483 1035 829 1078 restituerentur:
872 1034 977 1077 nihil
1016 1038 1159 1077 autem
1184 1047 1288 1087 opus
1316 1046 1419 1087 esse,
1446 1037 1496 1076 ut
1524 1033 1601 1086 ipsi

161 1110 332 1152 umus
356 1106 626 1149 securitatem
651 1109 840 1152 caveret3
869 1118 914 1147 se
945 1105 1081 1157 potius
1109 1104 1310 1158 populum
1337 1108 1381 1147 et
1406 1107 1600 1147 senatum

165 1171 305 1220 tutum
345 1181 558 1230 praestare
586 1189 715 1229 posse,
743 1189 839 1219 cum
866 1175 945 1218 sibi
976 1174 1187 1218 faventem
1214 1174 1448 1217 exercitum
1475 1172 1605 1217 babe-

165 1251 244 1292 ret.
297 1246 368 1291 Ex
393 1261 476 1300 quo
504 1246 615 1290 dicto
644 1246 745 1290 satis
771 1251 945 1299 apparet
973 1259 1071 1289 eum
1115 1245 1168 1288 de
1209 1244 1458 1288 dimittendo
1478 1258 1604 1287 exer-

166 1319 255 1363 citu
293 1332 524 1371 numquam
566 1318 781 1370 cogitasse.
838 1317 903 1360 De
943 1317 1029 1360 suis
1059 1316 1280 1359 nonnullos
1306 1330 1402 1359 cum
1431 1320 1601 1358 senatus

166 1390 318 1444 legatis
345 1389 460 1432 misit
486 1389 558 1441 qui
587 1388 639 1431 de
668 1402 769 1442 pacc
796 1392 1000 1441 agerent:
1030 1387 1099 1430 ubi
1129 1386 1356 1430 Brundusii
1385 1385 1609 1428 audierunt

168 1461 361 1515 Cinnam,
405 1461 478 1514 qui
519 1460 662 1503 Sullae
702 1460 744 1503 in
785 1459 965 1502 Graecia
1005 1473 1101 1502 cum
1144 1459 1333 1501 exercitu
1360 1471 1607 1501 occursurus

164 1537 273 1587 erat,
302 1546 330 1574 a
356 1531 563 1574 militibus
588 1531 674 1573 suis
701 1530 967 1573 interfectum
997 1542 1086 1573 csse
1104 1530 1251 1578 κκὶτῆν
1268 1528 1378 1572 πόλιν
1395 1528 1607 1578 &whom-2

169 1600 267 1648 tim
294 1616 342 1647 re
368 1602 523 1646 infecta
549 1602 710 1646 reversi
737 1606 835 1644 sunt
868 1601 921 1654 1).

704 1848 902 1894 CAPUT
931 1847 1101 1893 XXVI.

223 2073 352 2118 Initio
377 2073 478 2116 anni
504 2073 558 2116 83
585 2070 753 2126 Epheso
780 2070 989 2125 profectus
1016 2069 1139 2113 tertio
1166 2068 1235 2112 die
1262 2068 1458 2111 Piraeum
1476 2081 1606 2121 appu-

170 2144 232 2189 lit.
287 2142 451 2188 Deinde
488 2142 617 2187 sacris
663 2141 873 2196 mysteriis
912 2139 1077 2183 Cereris
1121 2139 1308 2182 initiatus
1350 2137 1606 2191 Apelliconis

170 2214 264 2264 Teii
291 2213 589 2259 bibliothecam
616 2213 790 2256 abstulit
817 2213 875 2265 2),
903 2211 943 2254 in
972 2225 1056 2263 qua
1084 2210 1268 2264 plerique
1297 2208 1534 2252 Aristotelis
1561 2213 1605 2251 et

170 2278 449 2339 Theophrasti
493 2289 613 2329 erant
642 2283 750 2335 libri,
792 2281 976 2326 nondum
1018 2282 1118 2324 satis
1146 2287 1243 2323 tuuc
1276 2280 1472 2332 temporis
1499 2279 1601 2321 noti.

170 2356 302 2401 Cuius
340 2356 401 2399 rei
437 2354 543 2399 baec
569 2361 661 2398 erat
686 2367 824 2406 causa,
851 2351 961 2405 quod
989 2350 1313 2404 Theophrastus,
1339 2350 1410 2402 qui
1442 2349 1602 2392 Aristo·

171 2427 267 2472 telis
310 2424 607 2471 bibliothecam
651 2424 885 2468 hereditate
924 2427 1154 2475 acceperat,
1194 2421 1324 2464 Nelco
1370 2420 1603 2473 Scepsiensi

220 2705 257 2751 2)
282 2703 376 2741 Fuit
398 2702 460 2741 hio
484 2701 687 2751 Apellicon
712 2700 861 2749 philoso
877 2699 963 2736 >hus
990 2698 1266 2746 Peripateticus
1292 2694 1497 2732 Athenioni
1521 2706 1602 2741 per-

200 2764 288 2789 uam
330 2751 538 2789 familiaris.
569 2749 708 2787 Athon.
754 2748 798 2785 V.
839 2749 891 2784 l..
936 2746 1057 2782 Paulo
1098 2751 1185 2782 anto
1222 2743 1352 2780 Sullae
1391 2742 1596 2779 adventum

259 2799 375 2836 llicon
422 2803 600 2836 mortuu-
646 2801 715 2839 cst,
763 2796 885 2833 Strab.
927 2794 1044 2832 Xlll.
1085 2794 1150 2842 qui
1193 2804 1279 2828 cuin
1325 2790 1442 2837 magis
1473 2795 1598 2827 tamon

172 2812 373 2903 φιξὸοβιβλον
399 2859 517 2900 quam
539 2847 719 2901 φιλόσοφον
744 2855 825 2881 oue
850 2843 1021 2880 affirm-t.
