1988 3366
833 331 882 378 51

136 514 428 562 meroneam
481 522 654 571 peteret,
703 517 821 561 Sulla
863 533 890 561 a
929 518 1309 574 Chaeronensibus,
1349 522 1422 575 qui
1468 520 1579 566 inter

132 586 296 633 axilis
324 587 518 631 Romana
544 594 677 641 erant,
706 593 849 631 oratus
874 603 927 631 ne
955 589 1166 634 desereret
1193 591 1393 645 oppidum
1416 606 1578 652 eorum,

133 657 362 704 Gabinium
394 661 434 710 1)
476 660 693 704 tribunum
728 660 911 703 militum
939 676 1035 704 cum
1065 677 1151 706 una
1177 663 1342 717 legione
1369 665 1579 718 simulque

132 729 207 784 qui
233 744 357 784 opem
386 731 660 783 requirebant
686 745 736 775 eo
764 732 888 775 misit.
917 732 1124 776 Gabinius
1137 740 1280 778 autem
1294 749 1348 778 ea
1364 736 1580 780 celeritate

132 799 216 845 iter
263 801 456 854 coniecit,
507 807 555 844 ut
604 802 919 846 Chaeronenses
970 809 1254 847 anteverteret
1295 805 1579 859 oppidumque

132 876 334 915 aervaret.
390 877 439 915 'H
483 872 557 923 μὲν
587 870 647 915 οὖν
675 873 788 918 πόλις
821 874 927 925 ἡμῶν
956 874 1068 927 παρὰ
1095 879 1276 918 τοσοῦτον
1304 874 1483 929 ἐξέφυγε
1513 878 1578 920 τὸν

132 941 314 991 Morou,
352 943 412 985 ita
455 942 722 999 Plutarchus,
760 945 831 996 qui
873 944 953 987 sibi
981 945 1118 997 placet
1144 946 1186 988 in
1221 946 1442 990 narrandis
1468 962 1578 1000 quae

55 1037 60 1041 ·
133 1010 191 1057 ad
215 1014 396 1067 patriam
424 1015 515 1058 eius
542 1015 766 1068 pertinent.
794 1014 913 1058 Idem
945 1016 1101 1059 multus
1127 1022 1191 1060 est
1215 1017 1258 1060 in
1288 1032 1454 1071 pugnae
1482 1019 1573 1062 loco

134 1083 432 1132 describendoz
463 1100 562 1128 nam
591 1085 861 1129 Chaeroneae
888 1101 990 1130 suae
1017 1092 1082 1130 est
1107 1088 1430 1131 amantissimus.

187 1154 300 1199 Rem
327 1155 463 1199 tribus
489 1170 598 1208 quae
626 1162 858 1209 sequuntur
885 1157 1091 1210 capitibus
1117 1164 1302 1201 enarrat:
1336 1173 1418 1202 non
1434 1164 1575 1202 autem

134 1238 303 1271 neossoe
343 1231 407 1270 est
447 1233 494 1270 ut
534 1228 701 1279 singula
740 1228 994 1271 referamus:
1043 1229 1238 1282 Appiano
1267 1230 1310 1282 2)
1338 1229 1578 1282 adiuvante,

139 1298 284 1351 paucis
308 1312 474 1351 pugnae
499 1299 708 1341 rationem
737 1312 948 1352 exponere
975 1299 1237 1342 conabimur.

671 1481 870 1526 CAPUT
899 1483 1049 1526 XVII.

192 1665 432 1709 Archelaus
473 1665 564 1709 loca
603 1667 819 1719 superiora
844 1666 1073 1719 obtinebat,
1101 1668 1211 1710 inter
1237 1682 1345 1720 quae
1373 1668 1580 1711 Thurium

138 1749 334 1789 asperum
361 1750 559 1779 cacumen
589 1738 742 1780 montis
768 1736 1014 1790 Orthopagi.
1043 1737 1173 1784 Sulla.
1202 1752 1299 1780 cum
1326 1753 1445 1781 sacra
1463 1738 1578 1782 litas-

140 1810 246 1858 sent,
287 1805 576 1850 Chaeroneam
620 1807 807 1860 petebat:
846 1823 929 1860 quo
956 1822 1051 1850 cum
1082 1808 1352 1861 pervenisset,
1379 1822 1478 1851 eum
1507 1824 1579 1863 ap·

139 1876 487 1930 propinquantem
517 1877 600 1920 duo
618 1878 732 1921 cives
757 1878 972 1931 adierunt,
999 1879 1070 1931 qui
1101 1879 1134 1920 si
1164 1892 1316 1931 paucos
1329 1879 1483 1922 milites
1500 1879 1579 1922 sibi

139 1947 390 2002 tradidisset,
434 1948 572 1992 hostes
612 1964 639 1992 a
682 1949 842 1993 Thurin
871 1964 915 1992 se
942 1950 1186 2003 depulsuros
1212 1950 1504 1993 affirmabant:
1534 1964 1578 1993 se

139 2020 252 2064 enim
301 2021 493 2064 semitam
532 2020 722 2064 hostibus
761 2021 946 2074 ignotam
992 2021 1180 2073 inituros,
1221 2020 1333 2063 unde
1377 2020 1577 2064 barbaros

137 2079 318 2145 superne
344 2093 458 2135 saxis
484 2092 709 2136 obruerent
738 2092 804 2135 vel
831 2093 875 2135 in
891 2092 1105 2145 planitiem
1121 2092 1426 2145 proturbarent.
1457 2091 1576 2135 Sulla

138 2162 295 2206 milites
330 2163 444 2207 misit
483 2165 554 2216 qui
596 2178 684 2207 rem
721 2163 1060 2217 aggrederentur.
1102 2163 1226 2206 simul
1253 2163 1386 2206 aciem
1415 2163 1457 2206 in
1486 2163 1575 2206 lato

138 2247 299 2287 campo,
337 2235 410 2287 qui
450 2234 504 2277 ad
545 2234 742 2288 oppidum
784 2239 911 2288 patet.
953 2234 1165 2277 instruxit.
1235 2233 1483 2286 Equitatum
1531 2234 1572 2275 in

139 2317 298 2348 cornua
337 2304 561 2357 distribuit,
601 2306 688 2359 ipse
730 2306 771 2349 in
813 2305 963 2348 dextro
1004 2305 1105 2357 egit,
1143 2305 1310 2347 sinistro
1354 2303 1572 2347 Murenam

141 2375 356 2430 praefecit,
383 2375 522 2419 Galba
547 2382 590 2418 et
620 2376 871 2419 Hortensius
901 2376 1026 2428 legati
1044 2389 1140 2418 cum
1154 2373 1413 2417 subsidiariis
1425 2372 1572 2416 cohor·

140 2445 253 2490 tibus
278 2447 546 2491 novissimam
574 2448 708 2491 aciem
736 2447 993 2499 obtinebant,
1022 2446 1170 2489 intenti
1202 2460 1253 2489 ne
1269 2446 1378 2488 acies
1395 2446 1572 2488 circum-

141 2517 373 2561 veniretur:
402 2517 444 2561 id
471 2518 584 2561 enim
599 2517 738 2561 hostes
751 2518 886 2561 moliri
903 2517 1100 2570 suspicari
1117 2516 1268 2559 licebat
1282 2515 1336 2558 ob
1351 2529 1572 2558 numerum

141 2588 427 2633 Barbarorum
466 2594 510 2632 et
543 2589 644 2642 quia
669 2589 858 2641 equitum
886 2587 1071 2639 levisque
1098 2593 1336 2630 armaturae
1363 2586 1570 2639 copiosam

141 2674 316 2704 manum
342 2660 625 2704 ostentabant.

155 2778 226 2786 -η
231 2781 315 2786 *A*

191 2826 225 2869 l)
250 2823 351 2861 Iuba
363 2836 440 2861 non
454 2822 744 2866 Gabinium-ed
759 2822 928 2860 Ericium
942 2821 997 2859 ait
1009 2821 1226 2862 min-amm
1240 2819 1321 2867 ipse
1334 2818 1451 2855 refert
1463 2817 1568 2856 Plut,

188 2892 226 2936 2)
251 2890 453 2938 Appianus
478 2890 520 2927 B.
548 2889 603 2926 M.
629 2891 672 2926 41
700 2900 806 2937 seqq.
