1988 3366
1078 338 1129 387 68

379 527 611 580 urgebant:
641 527 843 581 civitates,
872 528 1012 580 inopia
1039 542 1218 582 pressae,
1247 538 1399 582 magno
1427 528 1594 573 foenere
1622 531 1819 583 pecunias

378 599 692 650 mutuabantur,
720 599 828 641 aliae
851 598 1031 652 theatra,
1058 600 1166 642 aliae
1193 601 1414 652 gymnasia
1440 605 1514 644 aut
1550 602 1718 644 moenia
1744 606 1819 645 a-ut

380 673 523 721 portus
575 669 858 712 foenatoribus
894 671 1240 722 oppignerabant.
1298 671 1422 714 Cives
1471 672 1669 724 privatim
1714 673 1820 716 filios

382 740 551 782 decoros
608 744 650 782 et
707 740 815 782 filias
870 741 1053 794 virgines
1106 741 1287 784 vendere
1340 742 1610 794 cogebantur,
1653 744 1820 796 publice

381 825 479 853 vero
528 811 712 864 donaria,
742 812 907 854 tabulas
947 812 1092 865 pictas,
1132 816 1291 854 statuas
1317 812 1529 855 Deorum:
1555 814 1650 856 finis
1677 818 1819 857 autem

380 882 479 934 ipsis
507 886 609 935 erat,
650 887 697 924 ut
747 882 901 925 addicti
941 883 1215 926 creditoribus
1264 884 1481 926 servirent.
1513 884 1655 940 *Quae
1695 889 1820 928 antea

381 955 563 1006 perpessi
591 959 710 996 erant
751 955 878 1008 mala,
907 955 1034 1001 etiam
1089 955 1307 1008 graviora:
1349 955 1555 1010 fidiculae,
1596 957 1819 1010 ergastula,

380 1025 524 1074 eculei,
553 1027 662 1067 stare
690 1025 768 1067 sub
795 1025 862 1067 dio
888 1039 962 1077 per
990 1029 1191 1068 aestatem
1221 1026 1264 1068 in
1294 1026 1392 1079 sole,
1421 1030 1609 1079 tempore
1638 1026 1821 1070 hiberno<
1861 1027 1863 1029 ’

382 1096 424 1137 in
482 1096 570 1138 luto
626 1097 693 1138 vel
734 1096 880 1149 glacie,
923 1100 971 1138 ut
1009 1097 1187 1139 servitus
1222 1110 1398 1139 onerum
1443 1098 1638 1140 levamen·
1663 1102 1706 1140 et
1736 1112 1820 1151 pax

381 1166 588 1218 quaedam
602 1167 824 1208 videretur.
869 1167 1047 1219 Insuper
1075 1167 1222 1210 codem
1252 1171 1439 1220 tempore
1467 1168 1596 1211 Asiae
1623 1183 1649 1210 a
1676 1168 1823 1220 piratis

382 1238 570 1279 maxima
600 1237 862 1279 incommoda
890 1237 1193 1280 inferebantur.

436 1309 668 1351 Nonnullas
695 1309 886 1351 civitates
913 1314 961 1351 ut
992 1310 1176 1363 Ilienses,
1206 1309 1343 1363 Chios,
1372 1309 1559 1353 Rhodios
1578 1310 1694 1353 Sulla
1710 1310 1820 1353 mul-

383 1380 436 1421 tis
483 1380 699 1422 beneficiis
756 1381 990 1423 consolatus
1030 1381 1225 1423 libertate
1267 1380 1439 1423 donavit
1480 1394 1632 1432 eosque
1676 1379 1819 1434 populi

383 1450 565 1492 Romani
596 1452 726 1493 socios
754 1456 797 1494 et
825 1452 979 1493 amicos
1007 1451 1245 1504 appellavit.

438 1523 499 1565 Ut
527 1538 653 1576 supra
682 1524 1007 1566 memoravimus
1035 1523 1153 1565 Sulla
1181 1523 1291 1565 bello
1318 1522 1604 1565 Mithridatico
1632 1523 1824 1565 contecto

384 1594 438 1637 ad
469 1599 660 1637 senatum
689 1595 850 1638 litteras
877 1595 1003 1637 misit.
1045 1594 1288 1636 Memoratis
1319 1594 1357 1647 1)
1390 1607 1498 1646 quae
1525 1597 1732 1647 quaestor,
1760 1593 1819 1636 le-

383 1670 516 1719 gatus,
547 1670 724 1719 praetor,
767 1666 911 1708 consul
952 1666 1059 1708 bene
1086 1671 1281 1717 gesserat,
1311 1678 1377 1706 res
1404 1665 1646 1717 nuperrime
1673 1667 1823 1707 contra

384 1736 671 1778 Mithridatem
699 1740 884 1788 patratas
910 1735 1170 1788 exponebat:
1202 1749 1276 1787 pro
1303 1734 1454 1786 quibus
1476 1734 1685 1777 beneflciis
1699 1747 1820 1787 egre-

384 1810 496 1861 giam
531 1809 609 1850 sibi
637 1809 816 1861 gratiam
843 1809 897 1850 ab
924 1807 1104 1850 inimicis
1130 1807 1306 1849 relatam
1335 1820 1437 1859 esse,
1482 1820 1577 1849 cum
1609 1819 1702 1849 sese
1726 1805 1820 1848 hos-

385 1884 470 1921 tem
499 1880 659 1932 patriae
686 1879 950 1930 iudicassent,
980 1878 1151 1920 domum
1179 1892 1297 1920 suam
1325 1877 1637 1930 subvertissent,
1664 1876 1709 1919 in
1726 1889 1827 1918 suos·

384 1951 607 1994 crudeliter
633 1951 870 1993 saevissent.
927 1949 1009 1992 Sed
1036 1949 1253 1991 confestim
1273 1956 1498 1992 venturum
1527 1962 1622 1990 cum
1637 1947 1822 2000 privatas

385 2022 557 2065 iniurias
602 2026 692 2064 tum
735 2022 923 2074 publicas
965 2021 1102 2062 ultum
1144 2024 1269 2071 atque
1310 2033 1464 2072 poenas
1504 2018 1557 2060 ab
1583 2017 1826 2060 auctoribus

386 2095 634 2146 repetitum3
663 2098 921 2136 caeterorum
950 2105 1048 2135 vero
1078 2091 1231 2134 civium
1251 2090 1320 2133 vel
1334 2094 1525 2133 veterum
1539 2090 1606 2132 vel
1619 2103 1822 2132 novorum

386 2166 673 2207 incusaturum
701 2164 909 2206 neminem
937 2162 993 2214 2).
1282 2156 1286 2161 ⁵

443 2235 604 2284 Quibus
643 2234 775 2276 literis
817 2235 859 2275 in
901 2233 1016 2276 curia
1058 2231 1259 2284 perlectis,
1308 2231 1501 2273 effectum
1531 2234 1594 2273 est
1626 2244 1699 2283 per
1725 2229 1822 2273 val.

389 2306 601 2359 Flaccum,
638 2309 686 2347 ut
722 2311 891 2347 senatus
920 2304 971 2346 de
1001 2317 1100 2368 pace
1131 2317 1180 2345 ac
1208 2301 1427 2345 concordia
1455 2299 1741 2343 concinnanda
1778 2301 1825 2350 3)

326 2388 328 2390 ’
388 2378 548 2430 legatos
576 2376 628 2418 ad
658 2376 816 2418 Sullam
846 2376 1053 2417 mitteret:
1083 2374 1115 2415 si
1145 2372 1245 2425 quid
1272 2372 1355 2415 fide
1383 2371 1549 2424 publica
1573 2371 1651 2414 sibi
1680 2370 1823 2413 caveri

390 2448 528 2500 vellet,
570 2446 613 2488 id
655 2460 778 2488 curae
818 2446 906 2488 fore
951 2444 1125 2495 senatui,
1156 2443 1279 2486 modo
1307 2456 1435 2494 quam
1462 2442 1644 2494 primum
1675 2440 1823 2483 volun-

390 2523 521 2561 tatem
563 2533 681 2560 suam
711 2517 975 2570 significaret.
1030 2515 1207 2557 Interim
1240 2513 1374 2556 Cinna
1401 2516 1444 2555 et
1471 2511 1610 2555 Carbo
1635 2511 1826 2554 consules

441 2742 475 2787 1)
499 2741 600 2788 App.
624 2739 668 2776 B.
694 2739 735 2776 O.
761 2739 816 2776 77.
844 2751 949 2787 seqq.

440 2807 475 2850 2)
501 2806 598 2841 Cum
620 2816 848 2852 persuasum
872 2804 1031 2840 haberet
1053 2814 1134 2838 rem
1157 2800 1207 2837 ad
1230 2812 1336 2837 arma
1351 2802 1565 2842 venturam,
1582 2792 1654 2835 hoc
1670 2797 1823 2835 addidit

392 2853 551 2895 veritus,
574 2866 622 2889 ne
645 2852 737 2903 novi
760 2852 862 2889 cives
887 2863 975 2889 cum
999 2848 1227 2887 adversariis
1250 2848 1431 2885 facerent.

442 2919 478 2964 3)
502 2918 585 2953 Liv.
611 2918 680 2964 Ep.
705 2919 762 2953 83.
