1988 3366
1014 305 1066 352 30

320 490 501 536 tribuit?
570 493 677 543 Quia
727 493 971 546 aequalibus
1015 494 1264 547 persuadere
1309 499 1482 538 conatur
1527 496 1639 539 Deos
1677 496 1756 539 sibi

320 565 522 618 singulari
562 565 685 608 modo
726 566 979 618 patrocinari
1018 580 1269 618 causamque
1297 581 1416 609 suam
1444 567 1678 622 defendere,
1696 572 1755 611 -ut

319 637 363 678 in
398 637 523 678 rebus
550 636 732 679 adversis
760 637 943 679 militum
972 638 1133 680 animos
1161 642 1315 690 augeat
1343 637 1504 690 sibique
1532 639 1644 681 viam
1670 639 1762 682 vic-⁴

321 709 452 751 toriae
491 713 616 760 atque
656 709 813 761 gloriae
853 709 993 751 faciat.
1049 710 1284 763 Diligenter
1326 724 1425 752 vero
1462 710 1638 753 eandem
1666 725 1756 754 rem

318 781 468 823 litteris
507 780 723 823 mandavit
764 795 812 823 eo
853 782 1035 835 consilio,
1077 786 1125 824 ut
1168 782 1247 824 sibi
1275 782 1402 824 etiam
1429 782 1544 835 apud
1571 787 1756 836 posteros

321 866 472 894 nomen
521 851 747 894 felicissimi
794 852 974 895 hominis
1024 857 1298 909 compararet,
1353 854 1471 905 quasi
1509 869 1672 907 semper
1713 855 1757 897 in

322 922 508 965 Deorum
545 922 847 965 immortalium
889 923 981 965 sinu
1006 927 1131 975 atque
1159 925 1383 976 complexu
1410 915 1565 967 fuisset.
1623 925 1755 968 Porro

322 1006 388 1034 res
416 993 504 1035 eius
530 997 672 1046 gestae
702 994 763 1036 ita
794 1008 819 1035 a
846 994 1018 1036 numine
1045 994 1133 1046 ipso
1165 995 1360 1037 excusari
1388 995 1651 1039 videbantur.

302 1096 310 1101 .
374 1063 443 1106 Ad
473 1064 651 1106 eundem
678 1064 806 1106 finem
834 1065 915 1107 alio
946 1065 1039 1107 dolo
1067 1080 1166 1108 usus
1194 1070 1268 1108 est.
1325 1065 1386 1108 Ut
1413 1066 1649 1108 ostenderet
1673 1080 1757 1109 non

325 1135 458 1177 solum
487 1135 684 1188 prodigiis
712 1135 824 1178 Deos
853 1136 931 1178 sibi
960 1136 1127 1178 studere
1156 1140 1198 1179 et
1224 1136 1379 1189 favere,
1409 1137 1482 1179 sed
1506 1137 1634 1179 etiam
1653 1137 1759 1180 bene
1786 1153 1788 1156 ·

321 1205 442 1248 factis
481 1206 690 1260 extulisse,
732 1211 778 1249 ut
819 1207 1027 1249 neminem
1071 1211 1168 1249 ante
1199 1208 1452 1261 mortalium,
1489 1208 1757 1260 impudenter

322 1277 523 1319 mentitus
552 1281 614 1319 est
641 1292 862 1319 numerum
890 1278 1074 1320 referens
1103 1292 1285 1331 suorum,
1314 1279 1388 1330 qui
1415 1279 1459 1320 in
1475 1279 1641 1331 proeliis
1656 1279 1761 1322 ceci-

324 1347 487 1391 derunt.
528 1348 630 1390 Post
658 1362 842 1400 pugnam
870 1349 923 1390 ad
953 1348 1253 1402 Chaeroneam,
1281 1362 1364 1400 qua
1388 1353 1531 1391 contra
1547 1350 1759 1402 ingentem

324 1417 506 1460 hostium
558 1432 782 1460 numerum
831 1419 1058 1473 dimicavit,
1106 1419 1325 1462 duodecim
1373 1424 1540 1462 tantum
1592 1434 1762 1462 suorum

325 1489 576 1532 desideravit
620 1492 669 1543 (c.
714 1490 800 1543 19):
830 1491 984 1542 proelio
1014 1491 1068 1532 ad
1099 1491 1387 1543 Sacriportum
1418 1491 1564 1543 viginti
1592 1491 1763 1534 milibus

325 1561 508 1603 hostium
535 1561 774 1614 interfectis,
801 1566 893 1604 octo
923 1562 1092 1604 milibus
1120 1562 1263 1614 captis,
1293 1576 1347 1604 ex
1374 1577 1448 1604 sua
1467 1571 1583 1614 parte
1599 1566 1763 1605 tantum

326 1632 475 1685 viginti
514 1637 556 1674 et
583 1637 666 1675 tres
693 1647 736 1674 se
764 1633 949 1675 amisisse
978 1633 1162 1675 declarat
1193 1636 1244 1682 (c.
1273 1633 1355 1686 28).
1413 1633 1514 1683 Quis
1544 1634 1647 1676 talia
1675 1647 1763 1676 cre-

340 1703 434 1745 dat?
486 1704 636 1746 Nonne
664 1703 767 1746 haec
795 1704 1031 1756 impostoris
1058 1705 1184 1746 sunt?

379 1774 476 1816 Non
517 1789 623 1826 nego
652 1779 794 1817 tamen
836 1775 995 1817 Sullam
1027 1779 1075 1817 ut
1102 1776 1255 1817 multos
1285 1776 1398 1828 alios,
1427 1776 1499 1827 qui
1528 1776 1582 1818 ab
1609 1775 1763 1817 infimis

327 1845 381 1887 ad
420 1860 583 1888 summa
624 1851 916 1900 pervenerunt,
957 1847 1062 1889 miro
1092 1846 1270 1898 quodam
1299 1846 1421 1888 modo
1450 1861 1540 1888 sese
1572 1847 1762 1888 fortunae

328 1918 591 1969 commisisse,
619 1932 744 1969 quam
773 1917 968 1959 fiduciam
996 1933 1089 1959 cum
1119 1918 1168 1959 iis
1196 1931 1302 1969 quae
1333 1917 1444 1969 apud
1461 1917 1705 1959 Sallustium
1724 1919 1762 1966 1)

327 1988 524 2040 leguntur
554 1988 775 2030 cohaerere
803 1989 998 2040 suspicor.
1053 1988 1123 2030 Ex
1150 1989 1267 2030 libris
1298 1988 1514 2039 Sibyllinis
1542 1989 1668 2038 enim,
1692 1987 1764 2039 qui

327 2060 537 2101 communi
578 2059 769 2111 opinione
810 2059 898 2100 fata
938 2059 1102 2111 imperii
1145 2059 1322 2101 Romani
1362 2059 1652 2112 continebant,
1680 2062 1764 2100 tres

328 2130 540 2172 Cornelios
566 2130 868 2182 rempublicam
896 2144 1044 2182 capere
1073 2129 1158 2171 fato
1187 2129 1439 2171 destinatum
1467 2133 1577 2171 erat:
1628 2128 1766 2182 „Galli

334 2201 585 2255 „Lentulum
618 2201 947 2242 dissimulantem
967 2204 1197 2252 coarguunt
1226 2205 1391 2252 praeter
1418 2200 1578 2241 litteras
1606 2213 1765 2241 sermo-

333 2273 491 2326 „nibus,
520 2287 621 2323 quos
648 2272 718 2314 ille
746 2271 902 2313 habere
930 2271 1074 2313 solitus
1104 2275 1206 2323 erat,
1236 2285 1290 2313 ex
1305 2270 1424 2312 libris
1442 2270 1657 2322 Sibyllinis
1673 2284 1765 2322 reg-

332 2358 455 2397 „num
486 2343 646 2385 Romae
675 2343 808 2384 tribus
823 2342 1024 2384 Corneliis
1042 2342 1253 2395 protendi3
1271 2341 1448 2384 Cinnam
1465 2346 1590 2393 atque
1607 2341 1766 2383 Sullam

334 2418 493 2467 „antea,
521 2428 564 2455 se
592 2414 764 2455 tertium
793 2428 881 2455 esse
911 2413 978 2455 cui
1008 2413 1140 2455 fatum
1168 2413 1274 2454 foret
1291 2412 1406 2454 urbis
1423 2412 1583 2464 potiri.'’
1613 2412 1706 2453 Hac
1720 2424 1766 2453 re

331 2485 460 2536 igitur
499 2485 671 2527 forsitan
710 2484 867 2526 factum
896 2489 969 2537 est,
999 2487 1046 2526 ut
1078 2484 1268 2526 fortunae
1297 2498 1395 2525 suae
1425 2483 1612 2525 crederet
1640 2486 1767 2534 atque

334 2555 524 2597 omnibus
564 2555 697 2597 modis
738 2560 780 2597 et
823 2554 1061 2597 mentiendo
1102 2558 1144 2596 et
1186 2554 1381 2606 fingendo
1410 2553 1688 2603 contenderet,
1719 2556 1766 2594 ut

335 2625 526 2667 omnibus
554 2626 798 2667 mortalibus
826 2625 1035 2667 felicitatis
1065 2625 1301 2677 opinionem
1330 2624 1459 2666 daret.

389 2695 471 2738 Sed
503 2695 607 2738 haee
637 2695 849 2738 hactenus.
905 2695 998 2737 Iam
1027 2709 1248 2748 pergamus
1276 2695 1327 2737 de
1357 2694 1498 2737 Sullae
1527 2694 1614 2737 vita
1641 2693 1768 2736 disse·

386 2878 420 2923 1)
447 2877 552 2914 Coni.
581 2877 660 2913 Cat.
688 2890 718 2914 c.
744 2878 801 2914 47.
827 2878 873 2914 of.
900 2878 1001 2925 App.
1029 2877 1073 2914 B.
1101 2877 1142 2915 C.
1166 2877 1220 2914 II.
1246 2879 1280 2914 4.
