1988 3366
1114 342 1166 388 64

422 532 619 583 colentes,
647 535 936 583 perpetrasset.
965 530 1262 583 Exprobrabat
1292 531 1331 571 ei
1359 544 1496 582 porro,
1525 529 1635 582 quod
1663 544 1758 572 cum
1786 529 1856 571 de-

420 603 639 644 fectionem
668 603 874 643 sociorum
902 602 1106 644 Italorum
1135 601 1344 654 audiisset,
1361 602 1605 643 exercituin
1635 600 1856 643 Graeciam

421 674 543 714 misso
577 675 611 719 1)
648 672 976 723 Macedoniaque
1005 677 1182 723 ocupata
1210 672 1382 713 Graecis
1409 672 1647 713 libertatem
1678 670 1855 713 ademis-

421 748 482 785 set
523 756 656 794 neque
697 750 794 784 ante
837 744 1076 795 resipuisset
1103 756 1228 794 quam
1258 743 1346 794 ipse
1377 741 1653 783 Sulla-eaesis
1687 745 1855 783 centum
1888 731 1890 733 ¹

421 815 639 866 sexaginta
680 814 846 855 milibus
886 813 1103 855 hominum
1145 828 1167 854 e
1205 814 1313 865 regis
1342 814 1469 865 copiis
1499 812 1703 855 Graeciae
1731 811 1856 854 liber-

421 890 552 927 tatem
579 885 838 926 restituisset.
884 885 1093 938 „Maxime
1122 890 1263 926 autem
1295 885 1458 926 miror.”
1487 884 1623 941 inquit
1653 882 1786 937 „quod
1814 887 1856 925 te

425 971 559 1010 „nunc
588 970 768 1008 purgare
796 956 968 1007 conaris,
997 961 1123 997 antea
1151 956 1315 997 veniam
1348 955 1528 1006 petebas.
1559 955 1629 996 An
1647 968 1741 996 cum
1763 967 1856 1006 pro-

425 1027 516 1080 „cul
530 1041 661 1068 essem
680 1040 746 1068 me
764 1026 974 1068 timebas?
996 1026 1068 1067 ubi
1084 1040 1181 1067 vero
1200 1040 1339 1067 coram
1357 1025 1485 1078 vides,
1500 1039 1567 1067 me
1587 1024 1642 1066 ad
1656 1024 1857 1066 iudicium

425 1098 608 1151 „venisse
638 1097 887 1139 arbitraris?
921 1096 1024 1138 Eius
1052 1098 1111 1138 rei
1142 1097 1323 1148 profecto
1353 1104 1517 1148 tempus
1545 1095 1774 1148 praeteriit,
1802 1109 1857 1137 ex

425 1182 529 1222 „quo
557 1169 715 1210 bellum
744 1168 863 1209 nobis
889 1168 1077 1214 intulisti,
1109 1168 1185 1209 tibi
1214 1182 1286 1209 nos
1312 1167 1528 1210 lacessenti
1559 1166 1786 1208 restitimus
1815 1170 1857 1208 et

426 1240 581 1293 „donec
612 1240 722 1280 vires
751 1243 990 1291 suppetunt,
1017 1238 1291 1280 resistemus.”
1637 1233 1642 1237 ⁹

475 1310 540 1351 Ea
582 1310 767 1351 oratione
818 1309 963 1350 habita
1007 1309 1123 1351 Sulla
1169 1309 1317 1362 denuo,
1343 1309 1403 1351 ita
1431 1308 1694 1351 Plutarchus
1723 1307 1858 1359 pergit

431 1395 528 1422 eum
557 1382 732 1433 rogavit,
761 1395 862 1422 num
891 1394 998 1431 quae
1027 1395 1121 1421 cum
1151 1380 1360 1422 Archelao
1389 1380 1650 1421 convenisset
1676 1379 1856 1422 faceret?

425 1452 510 1494 Ubi
553 1466 641 1493 sese
682 1451 736 1493 ad
775 1451 915 1492 omnia
957 1465 1103 1503 parere
1137 1451 1361 1504 respondit,
1390 1450 1506 1492 Sulla
1535 1465 1632 1493 eum
1662 1450 1860 1492 salutavit

424 1523 747 1574 complexusque
787 1522 996 1563 osculatus
1039 1526 1112 1563 est.
1169 1521 1332 1563 Deinde
1361 1521 1691 1563 Ariobarzanem
1718 1525 1761 1563 et
1787 1520 1860 1563 Ni·

424 1593 638 1636 comedem
666 1592 717 1633 ad
748 1607 790 1634 se
819 1593 1033 1634 arcessitos
1062 1597 1155 1633 cuni
1185 1606 1282 1644 rege
1314 1592 1563 1634 conciliavit.

477 1664 586 1706 Vell.
615 1664 707 1705 Pat.
737 1663 798 1706 IL
829 1665 879 1705 23
908 1677 957 1705 ea
985 1677 1091 1714 quac
1120 1663 1172 1704 de
1200 1677 1299 1715 pace
1328 1663 1439 1704 facta
1454 1662 1690 1714 scripsimus
1705 1662 1860 1715 optime

424 1735 466 1776 in
509 1749 644 1787 pauca
686 1734 879 1776 contulit:
912 1734 1233 1787 „Transgressus
1260 1735 1302 1776 in
1326 1735 1470 1776 Asiam
1503 1734 1618 1776 Sulla
1645 1739 1860 1786 parentem

427 1805 503 1858 „ad
544 1806 683 1847 omnia
722 1805 1033 1857 supplicemque
1081 1805 1368 1846 Mithridatem
1398 1805 1568 1853 invenit,
1597 1818 1720 1856 quem
1749 1804 1859 1847 mul-

427 1880 585 1929 „tatum
635 1876 811 1927 pecunia
852 1890 899 1917 ac
941 1880 1059 1927 parte
1099 1876 1270 1917 navium
1313 1876 1416 1916 Asia
1457 1875 1730 1927 omnibusque
1769 1875 1861 1917 aliis

426 1947 671 2000 „provinciis
697 1960 799 1998 quas
826 1947 952 1987 armis
980 1950 1256 1998 occupaverat
1284 1945 1484 1988 decedere
1511 1947 1658 1998 coegit,
1674 1946 1859 1998 captivos

426 2018 617 2071 „recepit,
646 2018 688 2059 in
717 2017 911 2069 perfugas
938 2017 1221 2068 obnoxiosque
1251 2016 1558 2070 animadvertit,
1584 2017 1768 2069 paternis
1781 2017 1806 2059 i.
1822 2031 1857 2059 e.

427 2089 636 2142 „Ponticis
663 2088 814 2130 finibus
841 2092 1083 2130 contentum
1111 2102 1200 2129 esse
1227 2087 1371 2129 iussit'’
1401 2089 1456 2140 2).

477 2159 653 2201 Gestum
695 2163 758 2200 est
786 2159 876 2200 .hoc
917 2159 1074 2200 bellum
1117 2158 1212 2200 inde
1254 2156 1308 2200 ab
1350 2173 1459 2200 anno
1487 2160 1537 2200 87
1568 2172 1697 2210 usque
1725 2158 1778 2200 ad
1806 2160 1859 2200 84

424 2244 505 2281 quo
535 2229 608 2271 On.
639 2230 741 2281 Pap.
772 2229 908 2271 Carbo
939 2229 1152 2280 Cinnaque
1183 2229 1249 2270 IV
1279 2229 1467 2270 consules
1495 2233 1614 2270 erant
1642 2229 1698 2281 3).

478 2301 589 2342 Pace
630 2301 751 2351 facta,
780 2299 1046 2341 Mithridates
1074 2299 1338 2352 septuaginta
1366 2299 1543 2340 navibus
1571 2299 1733 2341 traditis
1763 2313 1858 2355 cum

426 2371 633 2421 sagitariis
675 2370 912 2421 quingentis
940 2370 982 2411 in
1012 2370 1196 2411 Pontum
1224 2369 1359 2411 rediit.
1416 2370 1571 2411 Milites
1599 2384 1698 2411 vero
1726 2370 1855 2422 indig-

427 2441 648 2488 nabantur,
692 2440 802 2491 quod
844 2441 1095 2482 incolumem
1124 2445 1166 2481 et
1201 2440 1354 2494 praeda
1383 2446 1578 2482 onustum
1606 2440 1647 2481 in
1678 2440 1857 2492 patriam

477 2672 511 2716 1)
527 2670 640 2706 Diod.
672 2669 742 2706 VI.
769 2683 804 2715 p.
833 2671 914 2705 2440.

475 2736 510 2778 2)
561 2734 706 2769 Sullam
731 2734 889 2780 insuper
913 2735 1006 2768 3000
1032 2735 1177 2769 talenta
1207 2747 1228 2769 a
1257 2747 1344 2779 rego
1374 2733 1473 2769 dono
1505 2734 1706 2780 accepisse,
1727 2738 1771 2770 ut
1789 2735 1855 2771 do-

429 2793 522 2816 num
558 2786 815 2864 ιῈὲςΓὺθυθῖηι·
853 2782 947 2816 falso
974 2795 995 2817 a
1025 2782 1230 2817 Memnone
1260 2794 1305 2816 ex
1336 2781 1525 2817 Heraclea
1550 2782 1711 2817 Pontica
1742 2783 1854 2829 scrip-

429 2832 512 2864 tore
542 2833 602 2864 tra
631 2834 721 2864 itur.

478 2894 512 2941 3)
564 2894 661 2939 App.
687 2893 731 2928 B.
758 2906 789 2929 c.
818 2894 850 2929 l.
881 2894 937 2929 76.
