1988 3366
872 334 925 377 27

181 513 339 562 brim
374 515 626 572 immolaret,
653 518 709 562 ab
735 518 882 563 infima
907 534 983 563 ara
1009 522 1179 575 sanguis
1204 521 1344 566 subito
1371 528 1620 577 emergeret.

182 583 306 638 Quod
366 587 603 641 prodigium
663 588 712 633 C.
767 590 1008 635 Postumius
1070 592 1283 647 haruspex
1336 594 1620 639 felicissimum

181 656 484 712 interpretatus
509 665 587 703 est.
616 660 736 704 'l'nnc
763 662 853 704 sine
867 677 985 706 mora
998 665 1231 708 exercitum
1245 664 1446 709 adversus
1458 665 1622 710 hostem

183 727 344 773 eduxit-
402 728 488 773 Ubi
528 729 701 774 Gallum
742 732 968 784 quemdam
1002 734 1162 787 ,insigni
1204 737 1471 791 proceritate,
1497 738 1621 790 quie

175 797 474 844 Romanorum
500 802 593 845 acie
619 802 892 846 fortissimum
919 818 1128 857 quemque
1156 805 1211 849 ad
1239 812 1452 850 certamen
1480 808 1622 861 singu-

182 870 273 916 hre
313 872 579 926 provocabat,
608 873 795 917 Numida
823 876 1004 928 exiguae
1032 881 1219 920 staturae
1246 878 1435 928 confecit,
1458 883 1622 923 tantum

182 942 351 999 pavoris
397 942 544 987 Gallos
585 943 938 999 Cluentianosque
981 948 1148 1002 invasit,
1190 953 1239 991 ut
1279 949 1430 1003 trepidi
1469 950 1623 993 Nolam

184 1012 426 1068 refugerent
456 1015 511 1068 1).
566 1014 616 1058 In
644 1016 735 1069 ipsa
761 1016 860 1069 fuga
888 1031 972 1060 non
1000 1018 1137 1062 minus
1164 1020 1338 1073 triginta
1361 1020 1476 1063 milia
1492 1021 1619 1064 inter·

184 1083 297 1130 fecta
337 1090 381 1129 et
420 1100 517 1129 cum
556 1086 711 1130 Nolani
735 1088 871 1142 veriti,
899 1103 953 1131 ne
980 1089 1162 1133 Romani
1189 1091 1315 1134 simul
1341 1092 1625 1145 irrumperent

183 1169 315 1200 unam
354 1160 520 1200 tantum
561 1162 725 1211 portam
768 1160 931 1212 aperire
971 1160 1187 1214 auderent,
1230 1161 1340 1205 circa
1372 1163 1483 1216 ipsos
1508 1163 1625 1206 urbis

185 1241 328 1272 muros
366 1228 452 1272 alia
492 1229 641 1282 viginti
682 1230 800 1272 milia
827 1231 995 1283 periisse
1025 1231 1260 1275 traduntur.
1316 1232 1367 1276 In
1395 1234 1624 1277 occisorum

185 1312 362 1343 numero
389 1298 470 1342 fuit
496 1299 716 1343 Cluentius
742 1301 800 1354 2).
828 1301 986 1344 Milites
1014 1302 1175 1344 Sullam
1202 1303 1496 1356 imperatorem
1518 1305 1629 1348 salu·

186 1373 389 1414 taverunt
414 1375 458 1414 et
487 1372 706 1424 graminea
732 1386 887 1415 corona
913 1372 1196 1416 donaverunt:
1231 1374 1273 1417 id
1294 1375 1422 1417 etiam
1451 1376 1495 1418 in
1524 1376 1627 1419 villa

188 1454 266 1485 sua
290 1441 543 1495 Tusculana,
556 1456 665 1495 quae
678 1442 758 1485 fuit
772 1448 914 1495 postea
930 1443 1151 1498 Ciceronis,
1167 1446 1314 1498 pinxit.
1343 1445 1629 1490 Vehementer

187 1511 320 1566 probo
347 1512 444 1555 val.
471 1513 587 1555 Max.
616 1513 746 1556 verba
774 1514 800 1556 l.
816 1515 843 1556 l.
872 1529 981 1566 quae
1009 1514 1061 1557 ad
1077 1514 1184 1558 hanc
1200 1530 1381 1569 pugnam
1398 1518 1628 1570 pertinent:

192 1582 336 1638 „Quae
365 1583 539 1626 victoria
564 1583 732 1627 futurae
762 1585 852 1627 eius
878 1586 1159 1638 amplissimae
1186 1587 1397 1639 potentiae
1414 1587 1571 1640 gradus
1584 1593 1628 1631 et

193 1653 538 1709 ,fundamentum
566 1655 752 1697 exstitit”
781 1660 829 1698 ut
855 1656 939 1698 iam
954 1657 1037 1699 iam
1052 1658 1118 1699 οὐκ
1131 1656 1308 1700 ἐλάττων
1325 1662 1392 1700 τοῦ
1407 1660 1628 1712 movero-On

192 1724 423 1769 videretur.

244 1796 289 1840 A
337 1796 446 1840 Nola
493 1796 702 1850 profectus
754 1797 797 1840 in
846 1797 1048 1850 Hirpinos
1098 1804 1234 1842 castra
1277 1800 1470 1853 contulit,
1526 1814 1629 1852 quos

193 1866 376 1922 Compsa
402 1869 446 1921 3)
492 1872 536 1910 et
562 1868 780 1911 Aeculano
807 1868 940 1921 captis
967 1871 1135 1923 recepit,
1164 1870 1314 1913 deinde
1340 1871 1383 1914 in
1412 1871 1628 1914 Samnium

192 1939 358 1993 irrupit,
399 1938 580 1992 Papium
608 1938 811 1982 Mutilum
840 1938 1005 1993 delusit,
1033 1940 1202 1983 tandem
1231 1941 1420 1984 Boviano
1446 1956 1521 1995 per
1546 1947 1630 1985 tres

191 2009 318 2054 horas
344 2011 510 2054 obsesso
537 2011 693 2064 potitus
719 2014 784 2054 est
811 2012 868 2065 4).
901 2009 1062 2060 Quibus
1090 2013 1215 2055 rebus
1241 2013 1369 2065 gestis
1398 2013 1629 2055 exercitum

194 2076 397 2126 Cosconio
437 2089 480 2127 et
520 2084 702 2128 Lucceio
745 2085 927 2140 tradidit,
968 2088 1056 2139 ipse
1096 2085 1277 2129 Romam
1317 2083 1543 2137 contendit,
1583 2089 1631 2126 ut

194 2155 457 2198 consulatum
485 2160 658 2209 peteret.

249 2225 503 2269 Plutarchus
542 2228 671 2281 igitur
710 2243 798 2271 rem
843 2242 926 2271 non
967 2228 1009 2270 in
1052 2227 1187 2269 maius
1227 2225 1379 2268 extulit
1419 2224 1629 2268 scribens:

201 2297 365 2344 Σύλλας
401 2297 445 2340 δὲ
486 2299 622 2341 πολλὰ
665 2298 813 2352 δράσαι-,τ
855 2297 951 2348 §iffa
993 2298 1122 2348 λέγει).
1150 2295 1268 2346 δόξαν
1297 2295 1416 2349 ἔσχεν
1445 2295 1630 2347 ἡγεμόνος

199 2366 381 2419 μεγάλαν
410 2368 484 2418 μὲν
512 2369 623 2422 παρὰ
651 2374 729 2416 τοῖς
757 2371 950 2415 malr-xz.
978 2368 1170 2419 μεγίστου
1198 2367 1241 2409 δὲ
1261 2366 1371 2419 παρὰ
1391 2371 1468 2414 τοῖς
1488 2366 1629 2421 φίλοις,

201 2438 590 2492 εὐτυχεστάτου
632 2440 675 2483 δὲ
703 2440 769 2482 καὶ
798 2439 907 2493 παρὰ
936 2444 1013 2486 τοῖς
1042 2439 1199 2491 ἐχθροῖς.

247 2611 283 2655 1)
308 2610 342 2646 A
379 2608 456 2646 cio.
493 2609 677 2647 doeemur
701 2610 774 2655 (De
800 2609 889 2646 Div.
917 2611 947 2646 1.
974 2609 1046 2653 33.)
1072 2608 1219 2645 Sullam
1246 2607 1338 2643 hnc-c
1364 2606 1632 2644 florentissima

201 2656 430 2695 Smnitium
454 2664 579 2694 eastra
603 2662 692 2694 ante
717 2658 902 2706 oppidum
930 2656 1068 2693 Nolam
1094 2668 1344 2709 expugnasse,
1370 2667 1415 2690 cx
1434 2666 1513 2703 quo
1526 2658 1632 2702 patet

203 2704 332 2742 hostes
357 2705 515 2753 propius
539 2705 636 2742 hanc
661 2705 796 2742 urbem
821 2717 937 2754 quam
966 2703 1167 2751 Pompeios
1191 2702 1417 2739 consedisse.

249 2770 286 2815 2)
311 2768 387 2806 Cio.
413 2769 462 2807 do
486 2768 573 2807 Div.
591 2771 621 2806 1.
635 2771 682 2807 23
696 2770 751 2807 11.
765 2770 823 2806 30.
837 2769 937 2806 min.
953 2768 1004 2806 Π.
1019 2768 1066 2805 N.
1083 2767 1218 2806 xxll.
1233 2771 1265 2805 6.
1283 2767 1355 2804 an
1385 2766 1487 2803 Max.
1506 2768 1536 2804 1.
1549 2769 1582 2804 6.
1598 2769 1630 2804 4.

247 2836 286 2881 3)
312 2834 415 2872 Vell.
441 2834 526 2872 Pst.
551 2835 606 2872 11.
633 2837 689 2872 16.

248 2903 287 2951 4)
313 2901 411 2950 App.
439 2899 473 2937 b.
499 2911 530 2938 ο.
555 2899 587 2936 1.
613 2901 669 2938 61.
