1988 3366
799 337 851 390 o‘t

112 526 227 573 mitis
251 530 297 571 et
322 529 529 573 mansueti
558 529 715 583 ingenii
741 530 786 573 in
813 529 892 574 hac
921 545 967 574 re
1003 531 1196 585 praebuit
1226 533 1279 586 1).
1313 531 1453 576 Causa
1476 531 1555 575 im*

111 596 294 653 ponendi
334 597 487 642 tributi
515 605 620 654 erat,
648 599 760 653 quod
786 614 883 644 cum
911 601 1104 645 civitates
1132 616 1159 645 a
1185 602 1339 656 populo
1365 601 1559 646 Romano

111 667 310 714 libertate
349 668 531 712 donatae
574 671 785 723 variisque
827 670 1041 716 beneficiis
1083 672 1251 726 publice
1287 687 1337 716 ac
1362 673 1558 727 privatim

111 742 263 784 auctae
288 738 477 793 fuissent,
493 741 710 784 occasione
737 755 762 784 e
789 741 901 785 bello
929 742 1072 786 sociali
1087 747 1256 797 arrepta
1270 742 1558 787 Mithridatem

110 809 312 855 adversus
338 809 553 854 Romanos
579 811 855 855 adduxissent
882 813 1055 866 eiusque
1083 813 1198 857 iussu
1237 827 1382 857 omnes
1427 813 1559 858 Italos

110 880 417 926 interfecissent
444 882 501 935 2).

163 950 284 996 Sulla
309 952 508 1005 privatim
537 953 812 1006 provinciales
838 954 1007 997 vexavit
1039 954 1262 999 insolentia
1278 959 1322 998 et
1335 955 1558 999 vexatione

111 1035 270 1076 eorum,
307 1022 380 1076 qui
427 1022 538 1076 apud
577 1037 785 1076 quemque
841 1024 1184 1069 deversabantur.
1239 1025 1404 1079 Hospes
1445 1026 1557 1069 enim

111 1086 248 1137 iussus
273 1097 365 1136 erat
392 1093 516 1137 militi
543 1108 667 1146 quem
686 1099 797 1138 tecto
816 1101 1032 1149 receperat
1047 1095 1362 1140 tetradrachma
1377 1100 1558 1149 quatuor

110 1162 299 1216 quotidie
327 1162 429 1207 dare
457 1169 501 1207 et
527 1164 565 1207 ei
593 1179 768 1208 coenam
789 1166 991 1218 praebere
1005 1166 1234 1219 amicisque
1249 1167 1339 1210 eius
1353 1171 1557 1220 quotquot

113 1247 264 1278 vocare
299 1234 507 1288 placerem
556 1249 679 1288 porro
706 1240 922 1289 statutum,
950 1241 998 1280 ut
1025 1238 1213 1281 centurio
1241 1238 1557 1290 quinquagenas

112 1303 334 1349 drachmas
360 1305 404 1348 in
433 1305 544 1349 diem
572 1306 781 1359 acciperet
808 1311 1051 1360 vestemque
1079 1307 1255 1351 alteram
1271 1307 1555 1358 domesticam,

110 1376 289 1422 alteram
331 1376 552 1421 forensem.
607 1377 672 1422 Eo
712 1379 835 1422 modo
874 1379 992 1423 Sulla
1040 1380 1223 1423 militum
1263 1394 1450 1424 amorem
1476 1379 1556 1424 sibi

110 1447 363 1502 conciliavit,
404 1448 529 1491 simul
572 1463 672 1492 vero
701 1449 962 1503 disciplinam
991 1451 1344 1503 severitatemque
1374 1451 1554 1512 minuit.

113 1517 384 1573 ‚Exercitum
411 1533 537 1572 quem
566 1520 608 1562 in
637 1521 740 1563 Asia
767 1520 1024 1575 ductaverat,
1047 1535 1130 1574 quo
1145 1522 1224 1565 sibi
1238 1521 1369 1565 fidum
1385 1521 1554 1578 faceret,

113 1593 283 1644 „eontra
307 1603 467 1634 morem
494 1591 700 1634 maiorum
728 1591 941 1635 luxuriose
979 1593 1186 1644 nimisque
1213 1593 1445 1636 liberaliter
1480 1593 1555 1636 ha-

113 1659 298 1715 ,bnerat-
328 1660 445 1704 Loca
470 1676 647 1704 amoena
671 1662 907 1712 voluptaria
919 1662 1040 1705 facile
1057 1663 1100 1705 in
1114 1664 1198 1706 otio
1211 1663 1358 1706 ferocis
1373 1663 1554 1707 militum

113 1730 300 1785 „animos
324 1731 605 1776 molliverant.
634 1732 718 1776 Hic
747 1734 929 1786 primum
958 1734 1141 1776 insuevit
1168 1735 1382 1777 exercitus
1412 1734 1554 1788 populi

113 1801 320 1856 „Romani
364 1817 523 1857 amare,
551 1809 709 1858 potare,
739 1804 871 1857 signa,
902 1804 1067 1847 tabulas
1094 1805 1238 1858 pictas,
1267 1819 1367 1848 vasa
1393 1805 1555 1848 caelata

113 1872 295 1927 „mirati
336 1887 388 1917 ea
430 1875 629 1927 privatim
676 1880 720 1918 et
762 1874 929 1928 publice
969 1889 1132 1928 rapere,
1158 1875 1335 1918 delubra
1361 1875 1553 1929 spoliare,

113 1956 256 1997 ‚sacra
296 1944 554 1997 profanaque
598 1945 739 1988 omnia
764 1945 963 1999 polluere.
1019 1945 1156 1997 igitur
1177 1944 1221 1987 hi
1250 1945 1416 1996 milites,
1443 1950 1553 1998 post·

113 2027 263 2068 ,quam
290 2015 507 2059 victoriam
539 2015 679 2069 adepti
706 2020 816 2069 sunt,
845 2015 902 2059 nil
932 2015 1079 2068 reliqui
1109 2016 1230 2058 victis
1258 2015 1419 2058 fecere”
1442 2016 1499 2069 3).

162 2083 273 2128 Cum
312 2084 433 2130 Sulla
474 2086 687 2140 edixisset,
717 2091 764 2129 ut
790 2091 994 2139 quotquot
1021 2086 1229 2139 mancipia
1258 2086 1499 2129 libertatem
1525 2100 1552 2129 a

110 2153 358 2200 Mithridate
373 2158 699 2211 accepissent,in
727 2156 902 2201 herilem
932 2162 1179 2210 potestatem
1198 2156 1396 2210 redirent,
1428 2157 1550 2200 multi

110 2230 253 2271 autem
295 2227 375 2271 hoc
417 2228 602 2272 edictum
647 2233 977 2281 contemnerent,
1006 2228 1157 2281 passim
1190 2233 1279 2271 tum
1310 2228 1550 2281 liberorum,

111 2302 203 2342 tum
220 2312 445 2343 servorum
473 2300 654 2343 multum
682 2299 899 2353 sanguinis
926 2298 1079 2342 fusum.

163 2367 368 2413 Civitates
393 2383 502 2423 quae
528 2384 555 2413 a
582 2384 680 2423 rege
708 2375 911 2413 steterant
929 2383 1072 2412 severe
1101 2368 1404 2422 multabantur,
1432 2382 1551 2422 prae·

110 2440 254 2484 sertim
291 2439 462 2495 Ephesii
490 2442 562 2495 qui
592 2456 687 2485 cum
718 2440 898 2484 ludibrio
926 2440 1099 2483 donaria
1128 2440 1415 2483 Romanorum
1444 2445 1549 2483 tem-

110 2510 191 2564 plis
213 2510 498 2556 detraxerant.
554 2512 786 2555 Multarum
815 2511 978 2556 moenia
1006 2510 1147 2553 diruta
1173 2514 1284 2553 sunt.

164 2579 249 2632 Qui
273 2587 416 2627 autem
444 2582 557 2627 missi
588 2587 698 2635 suut,
728 2587 775 2625 ut
802 2581 978 2625 multam
1002 2581 1235 2634 exigerent,
1251 2580 1549 2623 contumeliose

159 2775 197 2821 1)
220 2772 314 2812 Luc.
338 2778 372 2813 4.

158 2838 196 2886 2)
219 2841 320 2888 App.
345 2840 389 2877 B.
415 2839 471 2877 M.
497 2841 555 2876 62.

159 2902 196 2950 8)
221 2903 314 2942 Sall.
339 2904 421 2942 Cat.
450 2905 505 2940 ll.
