1988 3366
841 338 890 387 61

149 525 196 583 1)
237 526 357 571 1nde
396 526 576 580 suspicio
617 531 711 570 orta
737 531 801 570 est
828 526 942 570 haud
971 527 1080 571 bona
1107 527 1190 571 fide
1216 527 1272 572 ad
1297 524 1588 572 Chaeroneam

147 602 389 653 mmm
427 611 531 640 esse.
585 596 764 650 Insuper
804 597 902 640 huic
942 598 1223 641 criminationi
1262 613 1432 642 causam
1460 598 1589 651 dedit,

145 667 262 723 quod
284 667 359 712 ille
386 668 567 721 acceptis
593 667 739 711 decem
766 669 936 711 milibus
964 670 1022 723 (P)
1051 670 1242 723 iugerum
1268 670 1360 723 agri
1398 668 1590 723 Euboici,

147 738 309 784 amiens
350 738 494 792 populi
534 738 719 782 Romani
747 739 980 792 appellatus
1006 744 1082 782 est.
1137 739 1257 783 Sulla
1285 754 1376 783 sese
1404 740 1484 784 hoc
1509 740 1589 783 ori·

146 809 263 856 mine
305 810 351 853 iu
391 809 717 853 Commentariis
755 815 923 863 purgat.
973 809 1130 853 Utrum
1172 824 1320 854 verum
1354 825 1408 853 an
1435 810 1588 854 falsum

153 880 224 935 n't,
248 893 335 924 nou
361 884 540 924 constat.

199 949 312 996 Oum
362 950 622 995 Mithridatis
659 950 787 1004 legati
829 952 873 994 in
914 951 1018 994 urbe
1061 951 1268 1005 Philippis
1309 953 1354 1004 2)
1396 951 1452 995 ad
1492 966 1589 995 eum

146 1022 443 1075 meminent,
497 1027 685 1065 caeteras
737 1022 848 1074 pacis
899 1021 1162 1065 condiciones
1207 1037 1234 1065 a
1279 1036 1379 1075 rege
1424 1022 1590 1076 probari

147 1093 404 1147 nuntiantes,
445 1093 633 1146 exceptis
673 1107 782 1145 quae
821 1092 874 1135 de
904 1092 1193 1146 Paphlagonia
1230 1098 1274 1136 ct
1313 1093 1366 1135 de
1411 1093 1592 1136 navibus

149 1164 443 1220 proposuisset,
483 1163 635 1206 deinde
675 1163 923 1206 adiecissent
963 1166 1007 1214 3)
1047 1176 1145 1206 eum
1171 1178 1199 1206 a
1225 1163 1429 1217 Fimbria,
1455 1164 1591 1207 altero

150 1235 445 1280 Romanorum
461 1235 726 1288 imperatore,
740 1235 957 1286 aequiores
977 1234 1239 1277 condiciones
1252 1234 1592 1289 impetraturum,

125 1296 272 1351 'snus
310 1307 438 1360 paulo
475 1306 740 1349 commotior:
801 1304 936 1358 „Quid
962 1304 1098 1348 dicitis
1110 1304 1154 1346 zm
1180 1305 1317 1357 inquit
1346 1304 1591 1358 „Mithrida-

153 1382 244 1433 ,ὑοῦ
267 1377 607 1431 Paphlagoniam
636 1376 717 1419 sibi
745 1375 929 1419 vindicat
942 1381 985 1418 et
997 1389 1126 1418 naves
1141 1375 1306 1418 tradere
1324 1376 1520 1419 recusat?
1533 1376 1590 1428 4).

154 1448 261 1504 ‚cni
286 1448 323 1492 si
349 1462 523 1491 manum
554 1447 750 1491 dextram
777 1447 1048 1499 reliquissem,
1075 1461 1159 1499 qua
1186 1451 1349 1489 tantam
1376 1445 1590 1489 Romano-

78 1549 81 1552 -
155 1533 275 1575 ,rum
318 1518 632 1562 multitudinem
658 1518 838 1571 sustulit,
865 1531 909 1559 se
932 1516 987 1560 ad
1023 1516 1149 1570 pedes
1174 1516 1278 1559 mihi
1306 1516 1588 1569 proiecturum

154 1589 451 1645 ‚arbitrame
478 1588 564 1632 Sed
591 1603 694 1631 mox
722 1587 795 1630 ubi
824 1588 869 1630 in
896 1587 1044 1629 Asiam
1071 1587 1286 1640 traieceru,
1303 1586 1397 1629 aliis
1420 1586 1591 1630 vocibus

155 1665 348 1716 „uteturt
375 1674 489 1704 nunc
516 1659 715 1713 Pergami
742 1657 934 1701 desidens
960 1658 1117 1700 bellum
1145 1657 1257 1710 quod
1283 1671 1366 1700 non
1385 1657 1493 1700 vidit
1511 1656 1594 1699 dis-

155 1735 339 1787 ,peneet
392 1730 584 1774 Fimbria
609 1730 652 1783 5)
681 1734 825 1772 autem
842 1729 987 1775 ,etiam
1014 1742 1115 1771 mox
1141 1742 1296 1781 poenas
1322 1726 1480 1770 dabit.'’
1510 1727 1594 1770 Le·

154 1803 264 1857 gatis
306 1801 694 1846 obmutescentibus
731 1799 969 1844 Archelaus
1006 1798 1200 1842 dextram
1226 1798 1447 1851 amplexus
1473 1798 1595 1841 lacri-

154 1885 331 1927 masque
376 1872 556 1916 fundens
598 1871 762 1915 Sullam
803 1870 1018 1924 deprecari
1059 1869 1343 1921 obtestarique
1370 1869 1520 1921 coepit,
1548 1872 1597 1911 ut

155 1958 247 1989 sese
272 1943 329 1988 sd
355 1943 649 1988 Mithridatem
675 1942 886 1985 mitteret:
914 1940 1125 1993 sequibus
1144 1940 1271 1983 vellet
1282 1938 1597 1982 condicionibus

156 2029 303 2070 paoem
342 2015 692 2068 impetraturum
731 2013 769 2056 si
808 2012 887 2056 hoo
925 2012 1088 2064 assequi
1116 2024 1199 2054 non
1226 2010 1438 2064 potuisset,
1464 2013 1598 2053 semet

156 2086 296 2141 ipsu'm
321 2086 660 2129 interemturum.
1108 2099 1115 2106 ·

213 2155 380 2202 Deinde
418 2155 674 2200 Plutarchus
713 2158 859 2199 narrat
902 2152 1111 2197 Archelao
1149 2152 1334 2206 proiecto
1362 2151 1526 2195 Sullam
1553 2151 1596 2195 in

212 2368 247 2414 1)
272 2365 401 2404 Etiam
440 2366 543 2405 hunc
580 2367 708 2404 locum
744 2366 820 2404 Dio
861 2364 1016 2403 Cassius
1051 2363 1101 2401 ad
1138 2363 1298 2400 verbum
1323 2362 1523 2411 expressit.
1549 2362 1596 2400 st

165 2414 319 2464 Fragm.
344 2414 435 2453 Urs.
463 2414 542 2452 173.

211 2482 250 2525 2)
275 2478 383 2517 Haec
408 2479 500 2516 urbs
525 2492 601 2516 uon
627 2479 848 2516 nominatur
873 2477 1039 2533 quidem.
1068 2476 1330 2524 sedquoniam
1346 2473 1450 2511 Plut.
1466 2480 1599 2523 postea

165 2532 297 2566 narrat
333 2526 480 2564 Sullam
518 2527 557 2564 in
596 2527 691 2564 urbe
731 2526 919 2573 Philippis
963 2524 1206 2564 Archelaum,
1244 2535 1331 2558 cum
1359 2521 1598 2560 Mithridatis

166 2574 347 2613 mandato
383 2586 430 2611 ex
467 2575 559 2611 Asia
583 2587 790 2614 reversum.
816 2573 1048 2613 convenisse,
1074 2570 1179 2619 quod
1206 2570 1415 2606 secundum
1443 2571 1540 2618 App.
1566 2583 1597 2607 ο.

166 2626 215 2661 64
238 2623 278 2659 in
302 2622 465 2659 Thracia
489 2621 632 2659 sactum
658 2627 725 2662 est.
752 2621 927 2668 auspicor
950 2624 1124 2656 nostrum
1150 2630 1295 2655 errasse
1320 2622 1359 2653 et
1373 2617 1515 2665 primos
1530 2617 1598 2654 hos

219 2669 480 2754 tiushlegatos
516 2670 648 2707 Sullae
686 2671 724 2706 in
768 2667 996 2705 Macedonia
1035 2666 1186 2702 obviam
1230 2665 1388 2701 venisse.
1426 2665 1488 2707 (cf.
1526 2665 1599 2702 sub

197 2730 283 2755 nem
338 2745 346 2754 .
372 2721 420 2762 c.)

216 2777 254 2821 3)
279 2778 377 2823 App.
407 2774 449 2812 Β.
475 2774 530 2811 Μ.
560 2777 615 2811 56.

217 2843 255 2887 4)
278 2839 356 2877 Dio
383 2839 485 2876 Cass.
511 2838 535 2876 l.
562 2838 586 2875 l.

221 2908 257 2948 6)
284 2906 382 2953 App.
408 2903 450 2941 B.
479 2903 521 2939 M
560 2903 584 2940 l.
612 2903 636 2941 l.
