<?xml version="1.0" encoding="UTF-8"?>
<!DOCTYPE html PUBLIC "-//W3C//DTD XHTML 1.0 Transitional//EN"
    "http://www.w3.org/TR/xhtml1/DTD/xhtml1-transitional.dtd">
<html xmlns="http://www.w3.org/1999/xhtml" xml:lang="en" lang="en">
 <head>
  <title>
</title>
<meta http-equiv="Content-Type" content="text/html;charset=utf-8" />
  <meta name='ocr-system' content='tesseract 3.04.00' />
  <meta name='ocr-capabilities' content='ocr_page ocr_carea ocr_par ocr_line ocrx_word'/>
</head>
<body>
  <div class='ocr_page' id='page_1' title='image "./observationesinp00oppeuoft_0066.png"; bbox 0 0 1988 3366; ppageno 0'>
   <div class='ocr_carea' id='block_1_1' title="bbox 1071 333 1123 374">
    <p class='ocr_par' dir='ltr' id='par_1_1' title="bbox 1071 333 1123 374">
     <span class='ocr_line' id='line_1_1' title="bbox 1071 333 1123 374; baseline 0 0"><span class='ocrx_word' id='word_1_1' title='bbox 1071 333 1123 374; x_wconf 88' lang='lat'>54</span> 
     </span>
    </p>
   </div>
   <div class='ocr_carea' id='block_1_2' title="bbox 332 515 1823 1348">
    <p class='ocr_par' dir='ltr' id='par_1_2' title="bbox 332 515 1823 1348">
     <span class='ocr_line' id='line_1_2' title="bbox 332 515 1809 567; baseline -0.001 -9"><span class='ocrx_word' id='word_1_2' title='bbox 332 520 335 522; x_wconf 81' lang='grc'><strong>’</strong></span> <span class='ocrx_word' id='word_1_3' title='bbox 377 516 493 558; x_wconf 84' lang='lat' dir='ltr'>Sulla</span> <span class='ocrx_word' id='word_1_4' title='bbox 537 516 622 567; x_wconf 89' lang='lat' dir='ltr'>ipse</span> <span class='ocrx_word' id='word_1_5' title='bbox 662 516 704 557; x_wconf 91' lang='lat' dir='ltr'>in</span> <span class='ocrx_word' id='word_1_6' title='bbox 747 515 1066 557; x_wconf 63' lang='lat' dir='ltr'>Commentariis</span> <span class='ocrx_word' id='word_1_7' title='bbox 1106 515 1212 557; x_wconf 86' lang='lat' dir='ltr'>libro</span> <span class='ocrx_word' id='word_1_8' title='bbox 1253 515 1297 558; x_wconf 92' lang='lat' dir='ltr'><strong>X</strong></span> <span class='ocrx_word' id='word_1_9' title='bbox 1324 519 1481 567; x_wconf 84' lang='lat' dir='ltr'>narrat,</span> <span class='ocrx_word' id='word_1_10' title='bbox 1510 515 1558 564; x_wconf 86' lang='lat' dir='ltr'>Q.</span> <span class='ocrx_word' id='word_1_11' title='bbox 1589 515 1735 567; x_wconf 81' lang='lat' dir='ltr'>Titius,</span> <span class='ocrx_word' id='word_1_12' title='bbox 1764 515 1809 557; x_wconf 89' lang='lat' dir='ltr'>in</span> 
     </span>
     <span class='ocr_line' id='line_1_3' title="bbox 376 586 1814 638; baseline -0.001 -10"><span class='ocrx_word' id='word_1_13' title='bbox 376 586 555 628; x_wconf 80' lang='lat' dir='ltr'>Graecia</span> <span class='ocrx_word' id='word_1_14' title='bbox 582 586 788 638; x_wconf 86' lang='lat' dir='ltr'>negotiari</span> <span class='ocrx_word' id='word_1_15' title='bbox 819 586 977 638; x_wconf 80' lang='lat' dir='ltr'>solitus,</span> <span class='ocrx_word' id='word_1_16' title='bbox 1009 600 1104 627; x_wconf 91' lang='lat' dir='ltr'>cum</span> <span class='ocrx_word' id='word_1_17' title='bbox 1133 586 1236 627; x_wconf 83' lang='lat' dir='ltr'>adiit</span> <span class='ocrx_word' id='word_1_18' title='bbox 1264 593 1388 637; x_wconf 85' lang='lat' dir='ltr'>atque</span> <span class='ocrx_word' id='word_1_19' title='bbox 1404 586 1581 627; x_wconf 87' lang='lat' dir='ltr'>alteram</span> <span class='ocrx_word' id='word_1_20' title='bbox 1598 586 1814 628; x_wconf 84' lang='lat' dir='ltr'>victoriam</span> 
     </span>
     <span class='ocr_line' id='line_1_4' title="bbox 376 656 1815 708; baseline 0 -10"><span class='ocrx_word' id='word_1_21' title='bbox 376 672 402 698; x_wconf 88' lang='lat' dir='ltr'>a</span> <span class='ocrx_word' id='word_1_22' title='bbox 430 657 669 708; x_wconf 72' lang='lat' dir='ltr'>Trophonio</span> <span class='ocrx_word' id='word_1_23' title='bbox 700 657 893 708; x_wconf 82' lang='lat' dir='ltr'>sponderi</span> <span class='ocrx_word' id='word_1_24' title='bbox 923 657 1079 698; x_wconf 76' lang='lat' dir='ltr'>rotulit.</span> <span class='ocrx_word' id='word_1_25' title='bbox 1135 657 1235 698; x_wconf 88' lang='lat' dir='ltr'>Post</span> <span class='ocrx_word' id='word_1_26' title='bbox 1262 656 1373 698; x_wconf 92' lang='lat' dir='ltr'>hunc</span> <span class='ocrx_word' id='word_1_27' title='bbox 1393 656 1563 707; x_wconf 81' lang='lat' dir='ltr'>quidam</span> <span class='ocrx_word' id='word_1_28' title='bbox 1577 670 1632 698; x_wconf 86' lang='lat' dir='ltr'>ex</span> <span class='ocrx_word' id='word_1_29' title='bbox 1647 656 1815 698; x_wconf 80' lang='lat' dir='ltr'>cohorte</span> 
     </span>
     <span class='ocr_line' id='line_1_5' title="bbox 378 727 1816 780; baseline -0.001 -11"><span class='ocrx_word' id='word_1_30' title='bbox 378 728 597 780; x_wconf 84' lang='lat' dir='ltr'>praetoria,</span> <span class='ocrx_word' id='word_1_31' title='bbox 626 728 847 770; x_wconf 86' lang='lat' dir='ltr'>Salvenius</span> <span class='ocrx_word' id='word_1_32' title='bbox 876 729 1057 780; x_wconf 88' lang='lat' dir='ltr'>nomine,</span> <span class='ocrx_word' id='word_1_33' title='bbox 1089 742 1143 769; x_wconf 86' lang='lat' dir='ltr'>cx</span> <span class='ocrx_word' id='word_1_34' title='bbox 1171 728 1312 770; x_wconf 86' lang='lat' dir='ltr'>divina</span> <span class='ocrx_word' id='word_1_35' title='bbox 1339 728 1609 779; x_wconf 80' lang='lat' dir='ltr'>inspiratione</span> <span class='ocrx_word' id='word_1_36' title='bbox 1628 727 1816 769; x_wconf 86' lang='lat' dir='ltr'>futurum</span> 
     </span>
     <span class='ocr_line' id='line_1_6' title="bbox 380 798 1814 851; baseline -0.001 -11"><span class='ocrx_word' id='word_1_37' title='bbox 380 799 584 840; x_wconf 88' lang='lat' dir='ltr'>bellorum</span> <span class='ocrx_word' id='word_1_38' title='bbox 613 800 799 841; x_wconf 91' lang='lat' dir='ltr'>civilium</span> <span class='ocrx_word' id='word_1_39' title='bbox 828 805 1024 840; x_wconf 86' lang='lat' dir='ltr'>eventum</span> <span class='ocrx_word' id='word_1_40' title='bbox 1053 799 1272 851; x_wconf 78' lang='lat' dir='ltr'>praedixit.</span> <span class='ocrx_word' id='word_1_41' title='bbox 1305 798 1373 840; x_wconf 87' lang='lat' dir='ltr'>Ad</span> <span class='ocrx_word' id='word_1_42' title='bbox 1396 798 1496 850; x_wconf 83' lang='lat' dir='ltr'>quid</span> <span class='ocrx_word' id='word_1_43' title='bbox 1510 798 1612 840; x_wconf 88' lang='lat' dir='ltr'>haec</span> <span class='ocrx_word' id='word_1_44' title='bbox 1629 800 1814 851; x_wconf 71' lang='grc' dir='ltr'><em>νικηφόροι</em></span> 
     </span>
     <span class='ocr_line' id='line_1_7' title="bbox 381 869 1817 923; baseline -0.001 -12"><span class='ocrx_word' id='word_1_45' title='bbox 381 870 689 921; x_wconf 61' lang='grc' dir='ltr'>μοιντεύμκτκῖ)</span> <span class='ocrx_word' id='word_1_46' title='bbox 755 869 809 911; x_wconf 72' lang='lat' dir='ltr'>&#39;Id</span> <span class='ocrx_word' id='word_1_47' title='bbox 854 870 1069 923; x_wconf 76' lang='lat' dir='ltr'>agebatur,</span> <span class='ocrx_word' id='word_1_48' title='bbox 1113 874 1159 911; x_wconf 91' lang='lat' dir='ltr'>ut</span> <span class='ocrx_word' id='word_1_49' title='bbox 1200 869 1380 910; x_wconf 87' lang='lat' dir='ltr'>militum</span> <span class='ocrx_word' id='word_1_50' title='bbox 1424 869 1616 910; x_wconf 74' lang='lat' dir='ltr'>alacritas</span> <span class='ocrx_word' id='word_1_51' title='bbox 1644 869 1817 910; x_wconf 84' lang='lat' dir='ltr'>-excita-</span> 
     </span>
     <span class='ocr_line' id='line_1_8' title="bbox 382 926 1816 992; baseline -0.001 -11"><span class='ocrx_word' id='word_1_52' title='bbox 382 946 498 981; x_wconf 86' lang='lat' dir='ltr'>retur</span> <span class='ocrx_word' id='word_1_53' title='bbox 539 946 665 991; x_wconf 86' lang='lat' dir='ltr'>atque</span> <span class='ocrx_word' id='word_1_54' title='bbox 699 941 895 981; x_wconf 85' lang='lat' dir='ltr'>victoriae</span> <span class='ocrx_word' id='word_1_55' title='bbox 924 955 1014 992; x_wconf 86' lang='lat' dir='ltr'>spes</span> <span class='ocrx_word' id='word_1_56' title='bbox 1044 941 1372 982; x_wconf 84' lang='lat' dir='ltr'>confirmaretur.</span> <span class='ocrx_word' id='word_1_57' title='bbox 1428 926 1538 980; x_wconf 82' lang='lat' dir='ltr'>Nam</span> <span class='ocrx_word' id='word_1_58' title='bbox 1567 939 1694 980; x_wconf 87' lang='lat' dir='ltr'>etiam</span> <span class='ocrx_word' id='word_1_59' title='bbox 1725 942 1816 990; x_wconf 81' lang='lat' dir='ltr'>post</span> 
     </span>
     <span class='ocr_line' id='line_1_9' title="bbox 382 1010 1819 1062; baseline -0.001 -10"><span class='ocrx_word' id='word_1_60' title='bbox 382 1011 425 1052; x_wconf 89' lang='lat' dir='ltr'>id</span> <span class='ocrx_word' id='word_1_61' title='bbox 468 1012 671 1062; x_wconf 83' lang='lat' dir='ltr'>proelium</span> <span class='ocrx_word' id='word_1_62' title='bbox 708 1026 776 1053; x_wconf 85' lang='lat' dir='ltr'>res</span> <span class='ocrx_word' id='word_1_63' title='bbox 803 1012 846 1052; x_wconf 87' lang='lat' dir='ltr'>in</span> <span class='ocrx_word' id='word_1_64' title='bbox 876 1011 1022 1052; x_wconf 83' lang='lat' dir='ltr'>iisdem</span> <span class='ocrx_word' id='word_1_65' title='bbox 1052 1016 1142 1052; x_wconf 85' lang='lat' dir='ltr'>erat</span> <span class='ocrx_word' id='word_1_66' title='bbox 1173 1010 1501 1060; x_wconf 79' lang='lat' dir='ltr'>difficultatibus,</span> <span class='ocrx_word' id='word_1_67' title='bbox 1530 1010 1657 1051; x_wconf 87' lang='lat' dir='ltr'>immo</span> <span class='ocrx_word' id='word_1_68' title='bbox 1685 1023 1819 1051; x_wconf 83' lang='lat' dir='ltr'>novae</span> 
     </span>
     <span class='ocr_line' id='line_1_10' title="bbox 383 1080 1820 1134; baseline -0.002 -11"><span class='ocrx_word' id='word_1_69' title='bbox 383 1082 684 1134; x_wconf 80' lang='lat' dir='ltr'>obiciebantur,</span> <span class='ocrx_word' id='word_1_70' title='bbox 714 1097 808 1123; x_wconf 91' lang='lat' dir='ltr'>cum</span> <span class='ocrx_word' id='word_1_71' title='bbox 841 1095 922 1123; x_wconf 89' lang='lat' dir='ltr'>non</span> <span class='ocrx_word' id='word_1_72' title='bbox 950 1082 1080 1122; x_wconf 87' lang='lat' dir='ltr'>solum</span> <span class='ocrx_word' id='word_1_73' title='bbox 1110 1082 1297 1132; x_wconf 82' lang='lat' dir='ltr'>integrae</span> <span class='ocrx_word' id='word_1_74' title='bbox 1315 1081 1495 1122; x_wconf 80' lang='lat' dir='ltr'>host-ium</span> <span class='ocrx_word' id='word_1_75' title='bbox 1513 1080 1655 1132; x_wconf 88' lang='lat' dir='ltr'>copiae</span> <span class='ocrx_word' id='word_1_76' title='bbox 1669 1093 1820 1131; x_wconf 73' lang='lat' dir='ltr'>appro-</span> 
     </span>
     <span class='ocr_line' id='line_1_11' title="bbox 386 1151 1818 1206; baseline -0.002 -11"><span class='ocrx_word' id='word_1_77' title='bbox 386 1155 645 1206; x_wconf 84' lang='lat' dir='ltr'>pinquarent,</span> <span class='ocrx_word' id='word_1_78' title='bbox 676 1168 822 1195; x_wconf 89' lang='lat' dir='ltr'>verum</span> <span class='ocrx_word' id='word_1_79' title='bbox 849 1154 977 1195; x_wconf 85' lang='lat' dir='ltr'>etiam</span> <span class='ocrx_word' id='word_1_80' title='bbox 1006 1154 1054 1195; x_wconf 91' lang='lat' dir='ltr'>L.</span> <span class='ocrx_word' id='word_1_81' title='bbox 1086 1153 1181 1195; x_wconf 81' lang='lat' dir='ltr'>Val.</span> <span class='ocrx_word' id='word_1_82' title='bbox 1213 1154 1388 1195; x_wconf 79' lang='lat' dir='ltr'>Flaccus</span> <span class='ocrx_word' id='word_1_83' title='bbox 1415 1153 1469 1194; x_wconf 86' lang='lat' dir='ltr'>ab</span> <span class='ocrx_word' id='word_1_84' title='bbox 1497 1152 1752 1194; x_wconf 87' lang='lat' dir='ltr'>adversariis</span> <span class='ocrx_word' id='word_1_85' title='bbox 1773 1151 1818 1193; x_wconf 91' lang='lat' dir='ltr'>in</span> 
     </span>
     <span class='ocr_line' id='line_1_12' title="bbox 385 1222 1823 1273; baseline -0.002 -7"><span class='ocrx_word' id='word_1_86' title='bbox 385 1225 502 1266; x_wconf 84' lang='lat' dir='ltr'>Urbe</span> <span class='ocrx_word' id='word_1_87' title='bbox 547 1231 693 1266; x_wconf 87' lang='lat' dir='ltr'>contra</span> <span class='ocrx_word' id='word_1_88' title='bbox 723 1225 884 1266; x_wconf 84' lang='lat' dir='ltr'>Sullam</span> <span class='ocrx_word' id='word_1_89' title='bbox 912 1225 1059 1265; x_wconf 88' lang='lat' dir='ltr'>missus</span> <span class='ocrx_word' id='word_1_90' title='bbox 1088 1230 1206 1265; x_wconf 80' lang='lat' dir='ltr'>esset.</span> <span class='ocrx_word' id='word_1_91' title='bbox 1263 1224 1372 1273; x_wconf 82' lang='lat' dir='ltr'>Quid</span> <span class='ocrx_word' id='word_1_92' title='bbox 1401 1224 1554 1266; x_wconf 84' lang='lat' dir='ltr'>mirum</span> <span class='ocrx_word' id='word_1_93' title='bbox 1582 1223 1693 1264; x_wconf 90' lang='lat' dir='ltr'>hunc</span> <span class='ocrx_word' id='word_1_94' title='bbox 1722 1222 1823 1264; x_wconf 81' lang='lat' dir='ltr'>talia</span> 
     </span>
     <span class='ocr_line' id='line_1_13' title="bbox 386 1295 1608 1348; baseline -0.001 -11"><span class='ocrx_word' id='word_1_95' title='bbox 386 1301 670 1337; x_wconf 87' lang='lat' dir='ltr'>commentum</span> <span class='ocrx_word' id='word_1_96' title='bbox 698 1310 798 1348; x_wconf 86' lang='lat' dir='ltr'>esse,</span> <span class='ocrx_word' id='word_1_97' title='bbox 828 1300 875 1337; x_wconf 91' lang='lat' dir='ltr'>ut</span> <span class='ocrx_word' id='word_1_98' title='bbox 905 1296 1087 1337; x_wconf 85' lang='lat' dir='ltr'>militum</span> <span class='ocrx_word' id='word_1_99' title='bbox 1116 1296 1275 1337; x_wconf 87' lang='lat' dir='ltr'>animos</span> <span class='ocrx_word' id='word_1_100' title='bbox 1306 1295 1608 1337; x_wconf 80' lang='lat' dir='ltr'>confirmaret?</span> 
     </span>
    </p>
   </div>
   <div class='ocr_carea' id='block_1_3' title="bbox 945 1496 1276 1538">
    <p class='ocr_par' dir='ltr' id='par_1_3' title="bbox 945 1496 1276 1538">
     <span class='ocr_line' id='line_1_14' title="bbox 945 1496 1276 1538; baseline -0.015 0"><span class='ocrx_word' id='word_1_101' title='bbox 945 1496 1142 1538; x_wconf 82' lang='lat' dir='ltr'><strong>CAPUT</strong></span> <span class='ocrx_word' id='word_1_102' title='bbox 1175 1496 1276 1538; x_wconf 88' lang='lat' dir='ltr'>XX.</span> 
     </span>
    </p>
   </div>
   <div class='ocr_carea' id='block_1_4' title="bbox 393 1694 1832 2527">
    <p class='ocr_par' dir='ltr' id='par_1_4' title="bbox 393 1694 1831 2316">
     <span class='ocr_line' id='line_1_15' title="bbox 445 1694 1826 1749; baseline -0.001 -11"><span class='ocrx_word' id='word_1_103' title='bbox 445 1699 612 1739; x_wconf 78' lang='lat' dir='ltr'>Interea</span> <span class='ocrx_word' id='word_1_104' title='bbox 643 1698 802 1739; x_wconf 86' lang='lat' dir='ltr'>Romae</span> <span class='ocrx_word' id='word_1_105' title='bbox 831 1713 980 1749; x_wconf 83' lang='lat' dir='ltr'>magna</span> <span class='ocrx_word' id='word_1_106' title='bbox 1013 1712 1151 1738; x_wconf 83' lang='lat' dir='ltr'>rerum</span> <span class='ocrx_word' id='word_1_107' title='bbox 1180 1698 1451 1739; x_wconf 84' lang='lat' dir='ltr'>commutatio</span> <span class='ocrx_word' id='word_1_108' title='bbox 1478 1697 1588 1738; x_wconf 85' lang='lat' dir='ltr'>facta</span> <span class='ocrx_word' id='word_1_109' title='bbox 1614 1699 1701 1738; x_wconf 79' lang='lat' dir='ltr'>est:</span> <span class='ocrx_word' id='word_1_110' title='bbox 1728 1694 1826 1737; x_wconf 87' lang='lat' dir='ltr'>inde</span> 
     </span>
     <span class='ocr_line' id='line_1_16' title="bbox 393 1767 1827 1820; baseline -0.001 -12"><span class='ocrx_word' id='word_1_111' title='bbox 393 1783 418 1808; x_wconf 91' lang='lat' dir='ltr'>a</span> <span class='ocrx_word' id='word_1_112' title='bbox 462 1769 603 1809; x_wconf 80' lang='lat' dir='ltr'>Sullae</span> <span class='ocrx_word' id='word_1_113' title='bbox 650 1769 902 1820; x_wconf 81' lang='lat' dir='ltr'>profectione</span> <span class='ocrx_word' id='word_1_114' title='bbox 945 1769 1177 1818; x_wconf 79' lang='lat' dir='ltr'>respublica</span> <span class='ocrx_word' id='word_1_115' title='bbox 1203 1769 1291 1809; x_wconf 85' lang='lat' dir='ltr'>sine</span> <span class='ocrx_word' id='word_1_116' title='bbox 1319 1768 1409 1809; x_wconf 90' lang='lat' dir='ltr'>iure</span> <span class='ocrx_word' id='word_1_117' title='bbox 1448 1767 1528 1809; x_wconf 88' lang='lat' dir='ltr'>fuit</span> <span class='ocrx_word' id='word_1_118' title='bbox 1556 1771 1597 1808; x_wconf 86' lang='lat' dir='ltr'>et</span> <span class='ocrx_word' id='word_1_119' title='bbox 1625 1767 1712 1808; x_wconf 90' lang='lat' dir='ltr'>sine</span> <span class='ocrx_word' id='word_1_120' title='bbox 1741 1767 1827 1808; x_wconf 84' lang='lat' dir='ltr'>ulla</span> 
     </span>
     <span class='ocr_line' id='line_1_17' title="bbox 394 1838 1827 1891; baseline 0 -12"><span class='ocrx_word' id='word_1_121' title='bbox 394 1839 597 1890; x_wconf 79' lang='lat' dir='ltr'>dignitate</span> <span class='ocrx_word' id='word_1_122' title='bbox 645 1840 696 1891; x_wconf 88' lang='lat'>1).</span> <span class='ocrx_word' id='word_1_123' title='bbox 752 1839 886 1880; x_wconf 82' lang='lat' dir='ltr'>Cinna</span> <span class='ocrx_word' id='word_1_124' title='bbox 928 1845 968 1880; x_wconf 86' lang='lat' dir='ltr'>et</span> <span class='ocrx_word' id='word_1_125' title='bbox 1014 1840 1168 1880; x_wconf 82' lang='lat' dir='ltr'>Marius</span> <span class='ocrx_word' id='word_1_126' title='bbox 1197 1839 1351 1880; x_wconf 91' lang='lat' dir='ltr'>bellum</span> <span class='ocrx_word' id='word_1_127' title='bbox 1382 1838 1488 1880; x_wconf 85' lang='lat' dir='ltr'>Urbi</span> <span class='ocrx_word' id='word_1_128' title='bbox 1520 1838 1752 1879; x_wconf 87' lang='lat' dir='ltr'>intulerant</span> <span class='ocrx_word' id='word_1_129' title='bbox 1785 1843 1827 1879; x_wconf 79' lang='lat' dir='ltr'>et</span> 
     </span>
     <span class='ocr_line' id='line_1_18' title="bbox 394 1908 1828 1962; baseline -0.001 -12"><span class='ocrx_word' id='word_1_130' title='bbox 394 1911 510 1950; x_wconf 89' lang='lat' dir='ltr'>velut</span> <span class='ocrx_word' id='word_1_131' title='bbox 525 1915 689 1961; x_wconf 88' lang='lat' dir='ltr'>captam</span> <span class='ocrx_word' id='word_1_132' title='bbox 712 1910 907 1951; x_wconf 86' lang='lat' dir='ltr'>caedibus</span> <span class='ocrx_word' id='word_1_133' title='bbox 922 1917 963 1950; x_wconf 85' lang='lat' dir='ltr'>et</span> <span class='ocrx_word' id='word_1_134' title='bbox 978 1910 1131 1961; x_wconf 82' lang='lat' dir='ltr'>rapinis</span> <span class='ocrx_word' id='word_1_135' title='bbox 1148 1913 1363 1962; x_wconf 84' lang='lat' dir='ltr'>vexarant,</span> <span class='ocrx_word' id='word_1_136' title='bbox 1379 1909 1454 1951; x_wconf 86' lang='lat' dir='ltr'>On.</span> <span class='ocrx_word' id='word_1_137' title='bbox 1473 1909 1647 1950; x_wconf 85' lang='lat' dir='ltr'>Octavio</span> <span class='ocrx_word' id='word_1_138' title='bbox 1661 1908 1828 1950; x_wconf 84' lang='lat' dir='ltr'>consule</span> 
     </span>
     <span class='ocr_line' id='line_1_19' title="bbox 395 1980 1826 2032; baseline -0.001 -11"><span class='ocrx_word' id='word_1_139' title='bbox 395 1982 528 2021; x_wconf 86' lang='lat' dir='ltr'>occiso</span> <span class='ocrx_word' id='word_1_140' title='bbox 557 1981 661 2022; x_wconf 84' lang='lat' dir='ltr'>citra</span> <span class='ocrx_word' id='word_1_141' title='bbox 695 1981 777 2022; x_wconf 82' lang='lat' dir='ltr'>ulla</span> <span class='ocrx_word' id='word_1_142' title='bbox 806 1982 973 2022; x_wconf 85' lang='lat' dir='ltr'>comitia</span> <span class='ocrx_word' id='word_1_143' title='bbox 1000 1995 1043 2022; x_wconf 88' lang='lat' dir='ltr'>se</span> <span class='ocrx_word' id='word_1_144' title='bbox 1071 1981 1179 2032; x_wconf 90' lang='lat' dir='ltr'>ipsos</span> <span class='ocrx_word' id='word_1_145' title='bbox 1207 1980 1394 2021; x_wconf 80' lang='lat' dir='ltr'>consules</span> <span class='ocrx_word' id='word_1_146' title='bbox 1425 1980 1466 2021; x_wconf 90' lang='lat' dir='ltr'>in</span> <span class='ocrx_word' id='word_1_147' title='bbox 1496 1983 1739 2030; x_wconf 86' lang='lat' dir='ltr'>sequentem</span> <span class='ocrx_word' id='word_1_148' title='bbox 1753 1993 1826 2020; x_wconf 86' lang='lat' dir='ltr'>an-</span> 
     </span>
     <span class='ocr_line' id='line_1_20' title="bbox 396 2050 1830 2104; baseline -0.002 -12"><span class='ocrx_word' id='word_1_149' title='bbox 396 2066 496 2092; x_wconf 89' lang='lat' dir='ltr'>num</span> <span class='ocrx_word' id='word_1_150' title='bbox 539 2052 880 2093; x_wconf 75' lang='lat' dir='ltr'>renuntiaverant</span> <span class='ocrx_word' id='word_1_151' title='bbox 923 2053 1020 2104; x_wconf 78' lang='lat'>(87).</span> <span class='ocrx_word' id='word_1_152' title='bbox 1077 2051 1184 2093; x_wconf 79' lang='lat' dir='ltr'>Cum</span> <span class='ocrx_word' id='word_1_153' title='bbox 1225 2051 1342 2091; x_wconf 86' lang='lat' dir='ltr'>initio</span> <span class='ocrx_word' id='word_1_154' title='bbox 1387 2051 1625 2092; x_wconf 79' lang='lat' dir='ltr'>consulatus</span> <span class='ocrx_word' id='word_1_155' title='bbox 1671 2050 1830 2091; x_wconf 86' lang='lat' dir='ltr'>Marius</span> 
     </span>
     <span class='ocr_line' id='line_1_21' title="bbox 399 2120 1830 2174; baseline -0.001 -12"><span class='ocrx_word' id='word_1_156' title='bbox 399 2128 588 2163; x_wconf 83' lang='lat' dir='ltr'>mortuus</span> <span class='ocrx_word' id='word_1_157' title='bbox 618 2126 737 2174; x_wconf 87' lang='lat' dir='ltr'>esset,</span> <span class='ocrx_word' id='word_1_158' title='bbox 766 2123 807 2163; x_wconf 87' lang='lat' dir='ltr'>in</span> <span class='ocrx_word' id='word_1_159' title='bbox 838 2122 960 2164; x_wconf 89' lang='lat' dir='ltr'>huius</span> <span class='ocrx_word' id='word_1_160' title='bbox 989 2123 1123 2164; x_wconf 91' lang='lat' dir='ltr'>locum</span> <span class='ocrx_word' id='word_1_161' title='bbox 1153 2122 1351 2162; x_wconf 83' lang='lat' dir='ltr'>suffectus</span> <span class='ocrx_word' id='word_1_162' title='bbox 1379 2126 1440 2162; x_wconf 86' lang='lat' dir='ltr'>est</span> <span class='ocrx_word' id='word_1_163' title='bbox 1460 2121 1621 2162; x_wconf 75' lang='lat' dir='ltr'>L.Va1.</span> <span class='ocrx_word' id='word_1_164' title='bbox 1642 2120 1830 2171; x_wconf 84' lang='lat' dir='ltr'>Flaccus,</span> 
     </span>
     <span class='ocr_line' id='line_1_22' title="bbox 397 2190 1831 2245; baseline -0.001 -12"><span class='ocrx_word' id='word_1_165' title='bbox 397 2193 468 2243; x_wconf 87' lang='lat' dir='ltr'>qui</span> <span class='ocrx_word' id='word_1_166' title='bbox 514 2207 607 2233; x_wconf 75' lang='lat' dir='ltr'>curn</span> <span class='ocrx_word' id='word_1_167' title='bbox 644 2193 806 2234; x_wconf 86' lang='lat' dir='ltr'>duabus</span> <span class='ocrx_word' id='word_1_168' title='bbox 848 2193 1080 2245; x_wconf 83' lang='lat' dir='ltr'>legionibus</span> <span class='ocrx_word' id='word_1_169' title='bbox 1126 2194 1283 2243; x_wconf 87' lang='lat' dir='ltr'>missus,</span> <span class='ocrx_word' id='word_1_170' title='bbox 1334 2196 1380 2233; x_wconf 89' lang='lat' dir='ltr'>ut</span> <span class='ocrx_word' id='word_1_171' title='bbox 1420 2192 1560 2233; x_wconf 82' lang='lat' dir='ltr'>Sullae</span> <span class='ocrx_word' id='word_1_172' title='bbox 1593 2190 1831 2232; x_wconf 81' lang='lat' dir='ltr'>succederet</span> 
     </span>
     <span class='ocr_line' id='line_1_23' title="bbox 400 2261 1762 2316; baseline -0.001 -12"><span class='ocrx_word' id='word_1_173' title='bbox 400 2264 483 2314; x_wconf 83' lang='lat'>(86)</span> <span class='ocrx_word' id='word_1_174' title='bbox 513 2262 616 2316; x_wconf 72' lang='grc' dir='ltr'>λόγῳ</span> <span class='ocrx_word' id='word_1_175' title='bbox 646 2266 717 2314; x_wconf 74' lang='grc' dir='ltr'>μὲν</span> <span class='ocrx_word' id='word_1_176' title='bbox 746 2264 811 2305; x_wconf 75' lang='grc' dir='ltr'>ἐπὶ</span> <span class='ocrx_word' id='word_1_177' title='bbox 841 2263 1089 2316; x_wconf 61' lang='grc' dir='ltr'>Μιθριδάτην,</span> <span class='ocrx_word' id='word_1_178' title='bbox 1116 2262 1213 2316; x_wconf 71' lang='grc' dir='ltr'>ἔργῳ</span> <span class='ocrx_word' id='word_1_179' title='bbox 1241 2263 1283 2304; x_wconf 77' lang='grc' dir='ltr'>δὲ</span> <span class='ocrx_word' id='word_1_180' title='bbox 1312 2263 1376 2303; x_wconf 77' lang='grc' dir='ltr'>ἐπ’</span> <span class='ocrx_word' id='word_1_181' title='bbox 1402 2263 1534 2304; x_wconf 72' lang='grc' dir='ltr'><em>ἐκεῖνον</em></span> <span class='ocrx_word' id='word_1_182' title='bbox 1564 2261 1691 2303; x_wconf 65' lang='grc' dir='ltr'><strong><em>αὐτόν.</em></strong></span> <span class='ocrx_word' id='word_1_183' title='bbox 1721 2261 1762 2313; x_wconf 90' lang='grc'>2)</span> 
     </span>
    </p>

    <p class='ocr_par' dir='ltr' id='par_1_5' title="bbox 402 2330 1832 2527">
     <span class='ocr_line' id='line_1_24' title="bbox 455 2330 1831 2386; baseline -0.003 -11"><span class='ocrx_word' id='word_1_184' title='bbox 455 2334 571 2375; x_wconf 85' lang='lat' dir='ltr'>Sulla</span> <span class='ocrx_word' id='word_1_185' title='bbox 612 2338 757 2375; x_wconf 86' lang='lat' dir='ltr'>contra</span> <span class='ocrx_word' id='word_1_186' title='bbox 799 2348 893 2375; x_wconf 89' lang='lat' dir='ltr'>eum</span> <span class='ocrx_word' id='word_1_187' title='bbox 938 2334 1143 2386; x_wconf 81' lang='lat' dir='ltr'>profectus</span> <span class='ocrx_word' id='word_1_188' title='bbox 1182 2338 1254 2386; x_wconf 89' lang='lat' dir='ltr'>est,</span> <span class='ocrx_word' id='word_1_189' title='bbox 1283 2333 1355 2374; x_wconf 88' lang='lat' dir='ltr'>sed</span> <span class='ocrx_word' id='word_1_190' title='bbox 1382 2333 1454 2374; x_wconf 91' lang='lat' dir='ltr'>ubi</span> <span class='ocrx_word' id='word_1_191' title='bbox 1484 2332 1692 2383; x_wconf 88' lang='lat' dir='ltr'>Meliteae,</span> <span class='ocrx_word' id='word_1_192' title='bbox 1723 2330 1831 2381; x_wconf 84' lang='lat' dir='ltr'>quod</span> 
     </span>
     <span class='ocr_line' id='line_1_25' title="bbox 402 2403 1832 2458; baseline -0.003 -12"><span class='ocrx_word' id='word_1_193' title='bbox 402 2411 463 2446; x_wconf 86' lang='lat' dir='ltr'>ost</span> <span class='ocrx_word' id='word_1_194' title='bbox 504 2405 699 2457; x_wconf 87' lang='lat' dir='ltr'>oppidum</span> <span class='ocrx_word' id='word_1_195' title='bbox 729 2405 980 2458; x_wconf 74' lang='lat' dir='ltr'>Thessaliae,</span> <span class='ocrx_word' id='word_1_196' title='bbox 1010 2406 1201 2446; x_wconf 86' lang='lat' dir='ltr'>nuntium</span> <span class='ocrx_word' id='word_1_197' title='bbox 1232 2404 1390 2455; x_wconf 86' lang='lat' dir='ltr'>accepit</span> <span class='ocrx_word' id='word_1_198' title='bbox 1417 2403 1557 2444; x_wconf 88' lang='lat' dir='ltr'>omnia</span> <span class='ocrx_word' id='word_1_199' title='bbox 1584 2416 1691 2453; x_wconf 86' lang='lat' dir='ltr'>quae</span> <span class='ocrx_word' id='word_1_200' title='bbox 1721 2416 1832 2443; x_wconf 85' lang='lat' dir='ltr'>rece-</span> 
     </span>
     <span class='ocr_line' id='line_1_26' title="bbox 402 2472 1828 2527; baseline -0.004 -10"><span class='ocrx_word' id='word_1_201' title='bbox 402 2477 527 2527; x_wconf 67' lang='lat' dir='ltr'>pisset</span> <span class='ocrx_word' id='word_1_202' title='bbox 556 2491 580 2517; x_wconf 88' lang='lat' dir='ltr'>a</span> <span class='ocrx_word' id='word_1_203' title='bbox 610 2481 724 2527; x_wconf 87' lang='lat' dir='ltr'>tergo</span> <span class='ocrx_word' id='word_1_204' title='bbox 753 2490 834 2517; x_wconf 89' lang='lat' dir='ltr'>non</span> <span class='ocrx_word' id='word_1_205' title='bbox 867 2476 1094 2517; x_wconf 87' lang='lat' dir='ltr'>minoribus</span> <span class='ocrx_word' id='word_1_206' title='bbox 1124 2489 1250 2526; x_wconf 82' lang='lat' dir='ltr'>quam</span> <span class='ocrx_word' id='word_1_207' title='bbox 1280 2479 1404 2516; x_wconf 85' lang='lat' dir='ltr'>antea</span> <span class='ocrx_word' id='word_1_208' title='bbox 1432 2473 1560 2525; x_wconf 90' lang='lat' dir='ltr'>copiis</span> <span class='ocrx_word' id='word_1_209' title='bbox 1579 2472 1828 2521; x_wconf 80' lang='lat' dir='ltr'>conculcari,</span> 
     </span>
    </p>
   </div>
   <div class='ocr_carea' id='block_1_5' title="bbox 456 2761 1423 2939">
    <p class='ocr_par' dir='ltr' id='par_1_6' title="bbox 456 2761 1423 2939">
     <span class='ocr_line' id='line_1_27' title="bbox 457 2761 721 2806; baseline 0.004 -12"><span class='ocrx_word' id='word_1_210' title='bbox 457 2762 489 2804; x_wconf 91' lang='grc'>1)</span> <span class='ocrx_word' id='word_1_211' title='bbox 520 2761 617 2806; x_wconf 78' lang='lat' dir='ltr'>App.</span> <span class='ocrx_word' id='word_1_212' title='bbox 646 2761 668 2795; x_wconf 88' lang='lat' dir='ltr'>l.</span> <span class='ocrx_word' id='word_1_213' title='bbox 699 2761 721 2795; x_wconf 86' lang='lat' dir='ltr'>l.</span> 
     </span>
     <span class='ocr_line' id='line_1_28' title="bbox 456 2825 921 2869; baseline -0.002 -9"><span class='ocrx_word' id='word_1_214' title='bbox 456 2828 490 2869; x_wconf 79' lang='lat'>2)</span> <span class='ocrx_word' id='word_1_215' title='bbox 518 2826 594 2860; x_wconf 86' lang='lat' dir='ltr'>Cic.</span> <span class='ocrx_word' id='word_1_216' title='bbox 621 2826 729 2860; x_wconf 78' lang='lat' dir='ltr'>Brut.</span> <span class='ocrx_word' id='word_1_217' title='bbox 755 2826 812 2860; x_wconf 85' lang='lat'>63.</span> <span class='ocrx_word' id='word_1_218' title='bbox 838 2825 921 2860; x_wconf 78' lang='lat'>227.</span> 
     </span>
     <span class='ocr_line' id='line_1_29' title="bbox 456 2885 1423 2939; baseline -0.009 -11"><span class='ocrx_word' id='word_1_219' title='bbox 456 2893 490 2937; x_wconf 87' lang='grc'>3)</span> <span class='ocrx_word' id='word_1_220' title='bbox 517 2892 615 2939; x_wconf 75' lang='lat' dir='ltr'>App.</span> <span class='ocrx_word' id='word_1_221' title='bbox 643 2891 683 2925; x_wconf 86' lang='lat' dir='ltr'>B.</span> <span class='ocrx_word' id='word_1_222' title='bbox 712 2891 766 2926; x_wconf 88' lang='grc' dir='ltr'>Μ.</span> <span class='ocrx_word' id='word_1_223' title='bbox 794 2892 848 2926; x_wconf 85' lang='grc'>51.</span> <span class='ocrx_word' id='word_1_224' title='bbox 876 2889 920 2925; x_wconf 88' lang='grc' dir='ltr'>Β,</span> <span class='ocrx_word' id='word_1_225' title='bbox 947 2889 986 2925; x_wconf 83' lang='lat' dir='ltr'>C.</span> <span class='ocrx_word' id='word_1_226' title='bbox 1012 2888 1046 2926; x_wconf 84' lang='lat' dir='ltr'>I.</span> <span class='ocrx_word' id='word_1_227' title='bbox 1072 2889 1129 2924; x_wconf 87' lang='grc'>75.</span> <span class='ocrx_word' id='word_1_228' title='bbox 1159 2887 1242 2923; x_wconf 83' lang='lat' dir='ltr'>Liv.</span> <span class='ocrx_word' id='word_1_229' title='bbox 1269 2885 1340 2934; x_wconf 87' lang='lat' dir='ltr'>Ep.</span> <span class='ocrx_word' id='word_1_230' title='bbox 1366 2887 1423 2922; x_wconf 77' lang='lat'>82.</span> 
     </span>
    </p>
   </div>
  </div>
 </body>
</html>
