1988 3366
1061 318 1112 358 22

376 504 600 544 memorat:
658 500 933 554 „Censorinus
972 501 1143 543 Graecis
1182 502 1332 544 litteris
1370 502 1470 544 satis
1509 501 1666 556 doctus,
1692 503 1803 554 quod

379 576 672 627 „proposuerat
715 572 928 623 explicans
954 572 1160 625 expedite,
1189 586 1271 614 non
1306 573 1550 615 invenustus
1577 577 1704 626 actor,
1732 573 1805 616 sed

379 644 513 697 „iners
540 648 581 686 et
610 644 803 685 inimicus
833 643 936 685 fori⁷’
965 648 1007 685 et
1034 644 1165 686 altero
1193 644 1300 686 loco:
1332 643 1370 697 1)
1404 643 1497 697 „Ex
1524 658 1698 687 numero
1713 659 1804 686 ora-

379 718 542 767 „torum
571 714 838 768 Pomponius,
867 713 1129 767 Censorinus,
1159 714 1337 757 Murena
1364 714 1697 768 sublati'',(bello
1713 715 1805 759 Sul-

377 785 506 839 lano).

946 986 1143 1030 CAPUT
1172 987 1250 1030 VI.

431 1191 518 1232 Sub
553 1190 720 1231 initium
761 1190 860 1232 belli
902 1191 1062 1232 socialis
1090 1191 1207 1233 Sulla
1232 1190 1503 1243 impudentia,
1531 1204 1615 1242 qua
1641 1190 1810 1233 laudem

375 1261 556 1302 alienam
584 1261 821 1314 affectabat,
853 1262 976 1303 Marii
1008 1263 1115 1303 iram
1143 1262 1356 1304 excitavit.
1397 1261 1587 1304 Bocchus
1615 1262 1728 1303 enim
1756 1262 1811 1304 ad

376 1333 575 1385 populum
605 1333 823 1374 colendum
853 1333 1058 1384 simulque
1086 1333 1129 1374 in
1159 1332 1300 1375 Sullae
1329 1334 1509 1385 gratiam
1538 1332 1812 1385 triumphales

378 1404 588 1446 Victorias
636 1404 680 1445 in
721 1403 925 1455 Capitolio
967 1404 1175 1446 dedicavit
1210 1407 1418 1455 Juxtaque
1462 1418 1610 1446 aureas
1652 1409 1811 1446 statuas

378 1474 526 1527 posuit,
555 1474 705 1524 quibus
729 1474 754 1516 J
761 1475 941 1525 ugurtha
965 1490 989 1516 a
1009 1489 1107 1526 rege
1129 1474 1268 1516 Sullae
1287 1475 1465 1516 traditus
1484 1475 1813 1527 exprimebatur.

380 1545 488 1587 Cum
531 1546 690 1589 Marius
731 1546 1006 1588 exacerbatus
1043 1547 1161 1598 signa
1190 1546 1324 1598 posita
1353 1546 1500 1587 tollere
1528 1546 1666 1600 vellet,
1697 1546 1814 1588 Sulla

380 1632 478 1659 vero
520 1632 615 1659 cum
658 1618 801 1659 amicis
845 1618 929 1659 suis
965 1622 1230 1670 repugnaret,
1273 1632 1422 1669 parum
1451 1617 1597 1664 abfuit,
1628 1617 1728 1668 quin
1761 1616 1815 1658 ad

306 1693 311 1697 ”
379 1703 498 1730 arma
539 1684 764 1730 veniretur.
820 1688 957 1737 Quam
998 1689 1294 1731 dissensionem
1336 1689 1495 1730 bellum
1538 1688 1688 1730 sociale
1729 1688 1815 1730 iam

381 1759 541 1810 pridem
569 1760 746 1810 gliscens
774 1760 1012 1811 compressit
1041 1760 1097 1812 2).

392 1886 394 1888 Ι
434 1830 485 1871 In
525 1830 603 1872 hoc
633 1831 751 1881 gravi
781 1835 822 1872 et
851 1832 965 1872 vario
995 1831 1192 1883 tumultu,
1221 1843 1302 1881 quo
1331 1830 1631 1872 bellicosissimi
1662 1830 1812 1872 Italiae

380 1902 522 1954 populi
551 1916 669 1943 arma
697 1906 966 1953 susceperunt
994 1902 1277 1953 Romanisque
1304 1902 1511 1943 maximas
1539 1901 1676 1943 clades
1705 1901 1817 1943 intu-

381 1973 532 2023 lerunt,
582 1972 742 2013 Marius
791 1973 895 2014 οὐδὲν
939 1971 1148 2022 ἀποδεῖξαι
1189 1972 1300 2023 μέγα
1342 1972 1504 2021 δυνηθεὶς
1544 1971 1674 2024 audit,
1718 1986 1814 2013 cum

382 2044 537 2085 caeteri
564 2044 780 2095 scriptores
807 2043 974 2103 tradant
1001 2058 1097 2085 eum
1126 2043 1279 2085 bonam
1299 2057 1467 2095 operam
1487 2057 1673 2084 navasse.
1703 2042 1814 2091 Quid

383 2114 434 2156 de
463 2129 513 2156 ea
542 2129 587 2156 re
616 2114 878 2156 sentiendum
909 2114 1004 2156 vide
1023 2114 1133 2166 apud
1149 2114 1202 2156 V.
1219 2115 1271 2156 D.
1297 2114 1409 2156 Smit
1423 2114 1476 2155 ad
1490 2128 1578 2166 cap.
1595 2113 1816 2156 XXXIII.

438 2185 554 2227 Sulla
595 2200 660 2227 res
701 2191 788 2227 tam
827 2186 1062 2237 praeclaras
1102 2186 1242 2237 gessit,
1282 2189 1330 2227 ut
1372 2186 1514 2237 magni
1554 2185 1815 2237 imperatoris

384 2271 536 2298 nomen
578 2256 689 2308 apud
732 2257 856 2303 cives,
899 2257 1073 2298 maximi
1115 2256 1226 2308 apud
1257 2256 1423 2308 amicos,
1451 2255 1676 2297 felicissimi
1704 2255 1815 2307 apud

386 2327 529 2368 hostes
573 2327 650 2369 sibi
692 2332 966 2379 compararet.
1022 2327 1143 2376 Quod
1170 2342 1317 2369 verum
1345 2341 1432 2368 esse
1460 2326 1574 2368 haud
1603 2326 1820 2377 quisquam

383 2395 565 2446 negabit,
607 2409 702 2436 cum
746 2395 833 2436 eius
876 2395 1041 2446 egregie
1083 2395 1192 2436 facta
1238 2394 1489 2446 cognoverit.
1546 2393 1645 2434 Alto
1674 2397 1815 2435 autem

384 2465 547 2506 silentio
588 2479 657 2506 eas
699 2465 952 2507 Plutarchus
994 2465 1203 2517 praeterit,
1233 2466 1303 2515 qui
1332 2479 1357 2505 a
1384 2465 1509 2506 rebus
1538 2464 1695 2505 bellicis
1723 2477 1816 2504 nar-

384 2535 523 2576 randis
565 2536 801 2587 abhorrere,
831 2541 878 2577 ut
919 2537 979 2577 ita
1009 2536 1157 2587 dicam,
1186 2535 1378 2577 videtur:
1405 2549 1504 2576 nam
1534 2549 1627 2576 eam
1656 2539 1817 2586 partem

382 2606 449 2646 vel
494 2607 615 2657 plane
657 2607 852 2660 neglegit,
897 2607 969 2648 ubi
1005 2607 1096 2648 iure
1125 2620 1173 2648 ac
1200 2607 1349 2648 merito
1376 2605 1603 2657 quidquam
1632 2605 1818 2657 requiras

436 2816 471 2860 1)
498 2817 608 2852 Brut.
635 2820 693 2852 90.

432 2883 468 2927 2)
496 2881 595 2917 Mar.
622 2894 651 2917 c.
680 2882 734 2917 32.
