1988 3366
844 301 978 346 55-

147 482 195 534 ῗ.
230 483 450 529 Boeotiam
487 499 682 529 reversus
720 490 795 529 est.
852 485 1062 540 Dorylaus
1102 486 1215 529 enim
1251 500 1348 530 cum
1375 487 1589 540 octoginta

145 553 317 602 dlibus
357 560 618 599 armatorum
660 555 904 600 Chalcidem
947 556 1178 610 appulerat,
1219 557 1293 610 qui
1319 557 1444 601 nimis
1471 557 1591 601 ferox

145 638 244 673 nm
271 625 392 670 Sulla
419 641 570 670 manus
596 641 815 671 conserere
842 627 1113 671 vehementer
1126 627 1344 680 cupiebat:
1359 643 1458 671 nam
1474 627 1588 671 haud

144 697 238 741 siue
275 696 510 751 proditione
550 697 668 741 ducis
695 698 930 741 maximum
958 698 1080 741 illum
1105 699 1337 742 exercitum
1367 699 1422 742 ad
1449 699 1589 743 Chae-

145 781 318 812 roneam
355 767 488 811 deleri
531 769 713 822 potuisse
756 769 966 812 credebat.
1020 769 1169 823 Itaque
1212 769 1485 824 Archelaum,
1512 770 1585 822 qui

144 851 244 883 eum
269 852 297 881 a
322 852 465 892 pugna
489 838 701 882 deterrere
727 839 970 892 conabatur,
987 839 1188 892 neglexit,
1202 838 1274 882 sed
1294 839 1580 883 Romanorum

142 907 256 962 apud
282 907 576 962 Tilphossium,
603 909 676 961 qui
702 914 766 951 est
793 923 911 952 mons
938 909 992 952 ad
1022 909 1171 952 urbem
1200 909 1454 963 Haliartum,
1470 910 1580 963 peri-

143 979 240 1023 culo
265 979 376 1023 facto
402 980 489 1033 ipse
517 985 663 1022 auctor
690 980 781 1032 fuit,
810 994 862 1023 ne
889 981 980 1024 acie
1006 980 1312 1034 decerneretur,
1332 985 1460 1034 atque
1479 981 1581 1024 belli

142 1048 371 1094 diurnitate
412 1050 574 1093 Sullam
616 1050 881 1094 atterendum
923 1065 1012 1094 esse
1039 1052 1213 1094 censuit.
1268 1052 1471 1096 Attamen
1499 1052 1588 1095 Ar-

142 1119 292 1169 chelao
315 1121 463 1164 caetris
489 1120 543 1164 ad
572 1121 883 1164 Orchomenum
912 1122 1053 1175 positis
1082 1122 1197 1165 locus
1216 1137 1381 1175 pugnae
1397 1122 1579 1175 equestri

142 1190 516 1245 opportunissimus
542 1191 731 1234 nonnihil
757 1193 846 1245 spei
873 1191 1020 1235 dabat:
1037 1207 1134 1235 nam
1147 1206 1203 1235 ex
1217 1193 1411 1236 omnibus
1423 1193 1584 1247 campis

141 1261 331 1307 Boeotiis
356 1263 679 1316 spatiosissimos
707 1270 782 1317 est,
810 1264 978 1317 insuper
1005 1264 1225 1308 arboribus
1253 1264 1406 1308 nudus.

689 1447 886 1491 CAPUT
913 1448 1040 1491 XXI.

193 1632 353 1677 Castris
386 1632 548 1675 collatis
575 1631 810 1675 Archelaus
835 1632 1000 1684 quietus
1027 1632 1225 1685 consedit,
1253 1632 1371 1676 Sulla
1400 1647 1498 1676 vero
1529 1633 1582 1675 ab

141 1710 319 1756 utroque
360 1704 492 1746 latere
532 1704 659 1746 foffias
698 1702 833 1755 duxit,
877 1718 929 1745 no
960 1703 1087 1747 hostis
1114 1705 1317 1758 equitatu,
1344 1718 1428 1756 qua
1457 1708 1576 1757 parte

141 1775 293 1818 virium
322 1774 503 1817 multum
532 1774 712 1828 valebat,
742 1774 800 1816 uti
830 1779 985 1827 posset:
1014 1776 1062 1822 ὥς
1089 1775 1132 1817 δὲ
1158 1772 1243 1817 εἶδε
1258 1780 1325 1823 τῆς
1341 1774 1575 1824 ἐπελόσύτης

140 1844 264 1890 ἵππου
290 1847 335 1890 τὸ
359 1847 514 1895 πλῆθος,
528 1845 669 1899 ὤρυσσε
684 1844 859 1899 τάφρευς
875 1845 1031 1893 πολλαὶς
1047 1846 1125 1888 ἐνὶ
1141 1846 1184 1889 τὸ
1200 1846 1342 1893 πεδίον,
1361 1843 1461 1899 εὖρος
1476 1845 1577 1888 δέκα

139 1916 267 1965 κῶας
283 1919 336 1967 1).
365 1916 487 1967 Quod
507 1916 726 1959 inventum
740 1930 767 1959 a
783 1916 985 1959 Frontino
999 1916 1042 1968 2)
1060 1916 1276 1959 laudatur:
1295 1916 1437 1970 „Sulla
1453 1916 1581 1959 fossas

141 1987 331 2043 ,amplae
358 1987 589 2030 latitudinis
613 1987 654 2029 in
683 1992 859 2040 utroque
873 1987 1003 2030 latere
1019 1986 1197 2030 duxitet
1211 1987 1417 2040 capitibus
1429 2001 1575 2030 earum

141 2059 338 2115 ¹,caa'tella
375 2059 646 2103 communiit:
673 2073 758 2111 qua
785 2059 945 2102 ratione
973 2073 1024 2101 ne
1053 2059 1343 2102 circumiretur
1372 2060 1427 2103 ab
1456 2059 1573 2104 hoste

141 2134 208 2185 ‚et
234 2129 421 2184 peditum
441 2144 615 2173 numero
628 2135 670 2172 et
685 2130 868 2172 maxime
883 2130 1070 2181 equitatu
1086 2136 1310 2183 superante
1324 2136 1570 2174 consecutus

140 2201 266 2256 „est-’⁹
320 2201 403 2244 Sed
443 2201 606 2254 equites
647 2201 703 2244 ab
744 2200 952 2244 Archelao
993 2201 1144 2253 emissi,
1188 2206 1231 2244 ut
1275 2216 1369 2244 eum
1413 2202 1491 2246 hac
1529 2215 1576 2245 re

136 2271 419 2326 prohiberent,
464 2277 550 2315 tam
591 2273 744 2315 acriter
787 2272 1038 2323 involarunt,
1083 2279 1129 2315 ut
1157 2286 1238 2315 non
1266 2272 1399 2315 solum
1430 2272 1573 2325 quiin

136 2356 262 2396 opere
303 2343 494 2397 occupati
535 2348 669 2396 erant,
700 2357 844 2386 verum
875 2342 1001 2385 etiam
1030 2343 1100 2395 qui
1131 2343 1171 2385 in
1200 2343 1289 2385 acie
1317 2342 1483 2386 stabant
1509 2344 1574 2386 su·

135 2418 348 2468 garentur.
377 2413 488 2458 Tum
517 2413 648 2467 Sulla,
679 2419 895 2467 postquam
924 2428 995 2456 eos
1022 2414 1173 2456 frustra
1204 2413 1314 2456 haud
1345 2414 1432 2457 sine
1449 2414 1573 2458 minis

135 2484 339 2539 incitavit,
366 2485 454 2539 ipse
480 2484 533 2528 de
560 2499 667 2538 equo
695 2485 849 2528 desiliit
876 2491 918 2539 et
947 2485 1064 2534 signo
1079 2486 1121 2535 3)
1148 2490 1314 2537 arrepto
1344 2484 1384 2526 in
1417 2484 1572 2538 primos

134 2553 301 2599 ordines
337 2555 459 2599 irruit
486 2555 694 2599 clamans:
728 2555 856 2609 „Mihi
884 2555 1053 2607 quidem
1082 2554 1291 2607 docorum,
1318 2569 1343 2597 o
1375 2554 1568 2606 Romani.

182 2732 220 2778 ἶ)
242 2732 343 2781 App.
368 2731 412 2769 B.
439 2731 496 2769 M.
522 2734 583 2769 49.

181 2797 219 2843 2)
242 2796 359 2834 Str-at.
383 2796 439 2833 11.
465 2797 499 2834 3.
528 2798 583 2834 17.

182 2862 220 2910 8)
243 2861 379 2900 Front.
404 2861 430 2899 l.
455 2862 481 2900 1,
508 2861 646 2901 habet:
676 2862 809 2900 stricto
833 2862 973 2910 gladio.
