1988 3366
837 306 889 351 ⁷9

138 493 206 540 vir
243 492 484 545 consularis,
523 493 573 544 Q.
618 493 785 537 Mucius
811 492 1023 547 Scaevola,
1063 494 1253 548 pontifex
1294 494 1508 539 maximus
1533 499 1578 538 et

138 563 271 611 divini
281 564 539 617 humanique
552 564 654 608 iuris
668 569 814 608 auctor
827 565 1136 609 celeberrimus.
1193 565 1341 610 Edixit
1360 571 1578 620 praeterea

138 649 194 680 ne
228 635 323 690 quis
363 648 538 689 corpora
572 635 779 689 sepeliret,
820 650 929 688 quae
970 635 1121 679 deinde
1150 649 1258 680 unco
1284 641 1420 680 tracta
1445 641 1574 689 atque

138 707 184 752 in
195 705 383 752 Tiberim
399 707 529 751 missa
540 712 651 750 sunt.
706 706 825 750 Sulla
840 707 1200 761 appropinquante
1216 707 1378 751 Urbem
1396 707 1575 760 reliquit.

189 776 277 822 Hie
315 777 432 821 nullo
471 781 733 831 repugnante
776 777 956 821 Romam
998 779 1207 831 ingressus
1247 782 1326 827 est,
1363 778 1465 830 fuga
1491 778 1576 821 iam

137 847 308 904 dihpsis
345 848 599 902 quicumque
641 847 842 891 adversae
882 853 1003 891 erant
1045 848 1261 892 factionis:
1291 862 1438 892 eorum
1468 848 1578 892 bona

137 917 368 972 publicavit
404 922 449 962 et
488 918 568 962 sub
609 917 731 962 hasta
772 918 976 962 vendidit.
1043 918 1205 973 Populo
1246 920 1289 963 in
1334 919 1577 963 contionem

135 993 363 1034 convocato
394 989 682 1033 necessitatem
711 995 973 1043 praesentem
1000 989 1220 1033 miseratus
1246 1004 1318 1033 eos
1350 990 1460 1033 bono
1487 1003 1578 1033 esse

134 1059 277 1104 animo
314 1059 434 1104 iussit
459 1064 676 1112 tamquam
704 1059 944 1114 propediem
972 1060 1071 1103 belli
1100 1061 1235 1103 civilis
1261 1060 1577 1104 calamitatibus

134 1130 263 1176 finem
287 1130 480 1176 ficturus
504 1136 547 1175 et
574 1130 829 1184 reipublicae
855 1135 1011 1174 statum
1039 1131 1316 1174 ordinaturus.

186 1202 306 1254 Quae
344 1202 388 1247 in
426 1202 600 1247 Etruria
638 1207 682 1246 et
719 1202 931 1255 superiore
975 1202 1125 1245 Italiae
1168 1207 1288 1256 parte
1327 1206 1449 1255 gesta
1476 1206 1575 1246 sunt

140 1272 266 1317 nimis
305 1272 488 1318 breviter
514 1278 661 1317 auctor
687 1273 860 1326 expedit
895 1272 1102 1316 scribens:
1134 1273 1259 1327 „Pari
1287 1273 1459 1316 fortuna
1486 1273 1577 1316 eius

142 1343 295 1398 ,legati
320 1343 558 1399 Pompeius,
586 1343 774 1398 Crassus,
799 1343 1007 1397 Metellus,
1035 1343 1249 1396 Lucullus,
1276 1342 1478 1387 Servilius
1499 1344 1574 1394 usi,

142 1428 263 1468 „cum
305 1413 410 1459 nihil
451 1414 521 1458 vel
560 1428 709 1468 parum
749 1413 994 1468 titubarent,
1021 1429 1195 1467 magnas
1221 1413 1403 1456 hostium
1434 1414 1576 1466 copias

142 1484 398 1539 „fuderunt”
475 1485 614 1536 Quam
669 1485 979 1539 neglegentiam
1020 1499 1070 1528 eo
1113 1485 1247 1538 magis
1285 1484 1427 1537 miror,
1476 1484 1576 1536 quia

140 1555 260 1600 Sulla
296 1556 425 1600 etiam
463 1555 532 1601 hic
571 1571 696 1611 super
735 1561 920 1600 caeteros
962 1556 1088 1599 duces
1114 1556 1342 1599 excelluit:
1372 1569 1469 1598 nam
1497 1556 1575 1598 etsi

140 1631 282 1670 noster
307 1640 390 1671 non
416 1627 582 1682 inopia-5
608 1627 764 1680 scribit,
791 1627 905 1670 ἀλλὰ
934 1627 1052 1679 βίου-ς,
1085 1627 1124 1679 1)
1168 1641 1247 1669 non
1278 1626 1401 1679 plane
1431 1630 1572 1668 tamen

139 1696 266 1741 rebus
291 1697 450 1742 bellicis
473 1697 744 1752 supersedere
771 1698 888 1740 solet.

193 1767 293 1812 Jam
331 1781 407 1812 nos
446 1769 715 1822 accingamus
743 1768 797 1811 ad
833 1782 884 1811 ea
910 1768 1113 1821 copiosius
1142 1767 1374 1810 narranda:
1420 1768 1572 1821 passim

140 1843 283 1882 antem
309 1839 443 1893 magis
468 1838 656 1883 divinare
683 1853 810 1892 quam
838 1853 911 1892 pro
930 1844 1043 1881 certo
1057 1843 1240 1880 statuere
1254 1837 1362 1891 licet,
1379 1839 1572 1890 quianon

140 1909 304 1953 disertis
329 1910 572 1954 testimoniis
598 1911 725 1954 totius
752 1910 850 1953 belli
879 1910 986 1952 ratio
1013 1910 1163 1962 exponi
1195 1914 1341 1962 potest.

195 1979 390 2024 Metellus
414 1994 441 2024 a
465 1980 584 2025 Sulla
611 1981 653 2023 in
682 1980 865 2024 Galliam
894 1980 1042 2023 missus
1069 1984 1214 2022 contra
1235 1979 1469 2022 Carbonem
1484 1993 1572 2023 rem

141 2051 326 2106 gerebat,
351 2052 424 2104 qui
448 2052 693 2105 praesertim
720 2052 763 2095 in
777 2051 917 2095 Gallia
931 2050 1263 2103 circumpadana
1278 2050 1484 2094 delectum
1502 2050 1574 2094 ha·

142 2120 301 2165 buerat.
316 2121 495 2166 Ineunte
507 2136 607 2166 vere
622 2136 717 2166 cum
734 2121 966 2175 Carrinate,
981 2120 1183 2165 Carbonis
1197 2121 1346 2175 legato,
1361 2120 1414 2163 ad
1430 2122 1575 2173 Aesin,

141 2190 254 2245 quod
299 2191 455 2236 flumen
501 2191 685 2236 Senones
723 2193 778 2235 ab
807 2206 908 2245 agro
937 2191 1091 2234 Piceno
1119 2190 1343 2243 dividebat,
1371 2191 1573 2243 proelium

141 2263 345 2308 commisit
372 2277 551 2318 eumque
567 2264 817 2318 profligavit.
849 2263 942 2306 Non
962 2263 1094 2306 multo
1109 2268 1200 2315 post
1213 2262 1349 2305 Carbo
1364 2262 1573 2305 insecutus

142 2348 240 2378 eum
278 2334 456 2389 urgebat
494 2340 538 2378 et
576 2334 794 2379 obsidebat
834 2334 924 2377 ἔστε
966 2333 1112 2386 Μάρων
1150 2332 1312 2385 μεγάλῃ
1339 2331 1460 2386 μάχῃ
1488 2333 1572 2386 περὶ

144 2406 376 2459 Πραινεστὸν
394 2405 580 2456 tim-fidat
601 2407 814 2457 πυθόμενος
837 2404 1213 2457 summan-&ew
1243 2403 1294 2447 εἷς
1313 2403 1503 2455 ’Λρίμινον
1513 2404 1567 2452 2).

145 2474 275 2519 Miror
300 2480 455 2529 autem,
479 2490 608 2528 quare
630 2477 769 2530 copias
784 2489 879 2518 suas
894 2474 1122 2517 reduxerit:
1139 2487 1234 2516 nam
1266 2472 1386 2515 Marii
1416 2472 1565 2522 clades.

143 2550 192 2589 ut
218 2546 434 2600 Appianus
459 2546 600 2602 tradit,
626 2547 716 2590 eius
743 2546 803 2589 rei
831 2558 956 2589 causa
972 2558 1055 2588 non
1071 2558 1160 2588 esse
1177 2542 1351 2586 videtur.
1378 2542 1570 2586 Forsitan

191 2791 230 2839 l)
251 2789 363 2830 Alex.
385 2804 415 2829 ο.
444 2794 474 2829 1.

190 2853 230 2905 s)
250 2857 347 2905 App.
375 2856 419 2894 Β.
444 2859 483 2893 υ.
511 2857 542 2893 1.
569 2857 625 2893 ⁸7.
