1988 3366
1062 308 1111 349 10

366 486 531 529 thecam
546 487 725 548 Athenis
745 488 925 531 Romam
944 491 1244 543 deportandam
1263 493 1437 546 curavit,
1456 495 1500 536 in
1514 508 1597 546 qua
1611 495 1796 548 plerique

368 562 486 600 erant
525 558 762 602 Aristotelis
802 561 912 614 libri,
942 563 1126 605 nondum
1154 564 1263 605 satisv
1281 563 1323 605 id
1354 566 1550 617 temporis
1577 566 1619 608 in
1648 567 1797 620 vulgus

366 630 465 671 noti.
494 630 643 682 Itaque
671 632 798 673 etiam
818 636 917 675 tunc
936 648 1031 675 cum
1050 648 1093 676 se
1112 649 1274 676 summo
1295 636 1481 687 periculo
1503 637 1798 680 commissurus

366 704 467 753 erat,
486 701 722 743 litterarum
737 717 823 744 sese
837 703 1066 746 studiosum
1080 705 1285 757 praebuit.
1315 706 1503 748 Tandem
1520 707 1741 751 Sallustius
1759 712 1796 759 1)

366 772 454 813 eius
480 772 779 815 facunditatem
807 774 963 828 laudat,
980 779 1027 817 ut
1046 775 1278 818 rhetoricae
1298 776 1411 819 haud
1433 778 1608 830 impigre
1627 793 1797 831 operam

366 842 524 884 dedisse
561 843 763 886 videatur.
820 845 908 888 Nec
937 847 1114 889 mirum:
1155 848 1252 889 inde
1282 849 1394 890 enim
1422 863 1447 891 a
1476 849 1645 892 Catonis
1672 854 1799 902 atque
1864 908 1867 911 ῃ

365 914 650 957 Gracchorum
699 921 886 969 tempore
928 918 1160 960 rhetoricae
1205 920 1316 972 apud
1359 920 1572 963 Romanos
1614 936 1801 964 summus

365 984 497 1027 honor
524 990 614 1027 erat
656 991 698 1028 et
740 1001 884 1030 omnes
920 991 1097 1039 juvenes
1124 991 1205 1032 ἀπὸ
1246 994 1319 1032 τῶν
1348 992 1550 1044 ἐπιφανῶν
1584 991 1700 1042 οἴκων,
1727 994 1800 1044 qui

365 1056 588 1107 aliquando
616 1057 670 1098 ad
696 1059 996 1110 rempublicam
1026 1061 1230 1102 accessuri
1258 1065 1390 1114 erant,
1410 1062 1462 1103 ad
1483 1066 1616 1104 artem
1636 1063 1799 1106 dicendi

364 1141 451 1169 sese
496 1128 776 1171 conferebant.
831 1130 973 1181 Atque
1001 1132 1235 1183 complures
1263 1132 1404 1175 Sullae
1433 1133 1563 1175 ferme
1590 1135 1798 1188 aequales,

363 1199 472 1240 inter
511 1212 613 1250 quos
642 1199 898 1253 nobilissimi,
936 1201 1171 1252 eloquentia
1200 1203 1438 1254 pollebant:
1469 1196 1519 1245 L.
1548 1203 1799 1256 Calpurnius

364 1270 473 1322 Piso,
515 1271 579 1312 vir
606 1285 688 1313 non
706 1264 955 1326 indisertus,
985 1274 1026 1325 2)
1058 1274 1106 1323 Q.
1134 1274 1330 1317 Metellus
1365 1275 1627 1329 Numidicus,
1657 1277 1797 1328 gravis

364 1344 405 1382 et
448 1340 625 1383 disertus
666 1343 740 1392 vir,
772 1343 814 1396 3)
859 1344 907 1392 Q.
936 1344 1132 1386 Lutatius
1166 1345 1354 1399 CatuluS,
1383 1347 1501 1389 euius
1530 1348 1662 1389 oratio
1691 1363 1798 1400 pura

364 1413 433 1464 sic,
463 1416 509 1454 ut
537 1412 689 1455 Latine
718 1414 831 1465 loqui
860 1429 991 1466 paene
1019 1416 1130 1458 solus
1159 1417 1384 1470 videretur,
1410 1419 1467 1461 sic
1498 1423 1638 1461 autcm
1655 1421 1795 1471 gravis

364 1487 410 1523 ut
438 1483 481 1524 in
509 1483 709 1536 singulari
736 1484 940 1536 dignitate
969 1487 1101 1528 omnis
1129 1491 1269 1530 tamen
1295 1489 1458 1531 adesset
1483 1489 1721 1532 humanitas
1750 1505 1799 1540 ac

363 1555 488 1606 lepos,
518 1555 560 1608 4)
605 1556 651 1598 C.
689 1556 827 1599 Julius
856 1557 1019 1611 Strabo,
1049 1560 1117 1610 qui
1148 1560 1375 1602 festivitate
1404 1566 1446 1603 et
1475 1562 1634 1604 facetiis
1661 1566 1706 1604 et
1732 1577 1798 1605 su-

365 1626 597 1678 perioribus
641 1631 682 1669 et
715 1628 959 1678 aequalibus
987 1630 1071 1670 suis
1099 1631 1290 1672 omnibus
1318 1631 1539 1685 praestitit,
1567 1645 1648 1684 quo
1677 1647 1798 1675 nemo

363 1709 563 1748 umquam
593 1698 843 1752 urbanitate,
859 1713 980 1741 nemo
995 1700 1146 1753 lepore,
1163 1715 1284 1743 nemo
1300 1703 1505 1744 suavitate
1523 1703 1737 1754 conditior,
1753 1706 1798 1754 5)

364 1768 490 1809 Caius
518 1767 723 1820 Sulpicius
751 1769 900 1820 Galba,
931 1773 1050 1822 cujus
1077 1773 1295 1822 peroratio,
1325 1773 1396 1824 qui
1427 1774 1614 1826 epilogus
1634 1774 1798 1826 dicitur,

365 1838 573 1880 Ciceronis
613 1844 799 1892 tempore
846 1846 961 1883 tanto
991 1843 1034 1883 in
1061 1842 1217 1885 honore
1247 1848 1347 1896 erat,
1376 1850 1424 1886 ut
1451 1859 1477 1886 a
1504 1846 1642 1896 pueris
1670 1846 1796 1887 etiam

364 1908 628 1960 edisceretur,
658 1910 699 1963 6)
744 1911 802 1953 M.
832 1912 1051 1962 Antonius,
1081 1915 1267 1956 omnium
1296 1915 1667 1966 eloquentissimus,
1695 1931 1798 1968 quos

365 1980 510 2022 Cicero
538 1981 729 2033 audierit,
760 1982 800 2035 7)
829 1983 879 2024 L.
908 1984 1094 2025 Licinius
1122 1985 1307 2034 Crassus,
1337 1990 1475 2028 orator
1503 1988 1723 2029 maximus.
1752 1991 1795 2040 8)

364 2051 469 2092 Inde
509 2052 669 2094 Marius
706 2054 749 2095 in
793 2054 1006 2105 praeclara
1047 2055 1120 2096 illa
1149 2057 1348 2098 oratione.
1382 2057 1423 2109 9)
1458 2057 1688 2110 „Equidem
1718 2073 1795 2111 ego

367 2136 471 2174 „non
502 2123 658 2175 ignoro,
694 2125 727 2165 si
755 2125 839 2166 iam
868 2125 971 2166 mihi
999 2126 1244 2177 respondere
1262 2127 1454 2180 (nobiles)
1471 2129 1613 2181 velint,
1628 2129 1795 2171 abunde

368 2192 471 2245 „illis
501 2193 738 2236 facundiam
767 2199 808 2237 et
837 2197 1109 2248 compositam
1139 2198 1369 2239 orationem
1398 2199 1522 2239 fore.’‘

411 2344 445 2389 1)
494 2344 538 2380 Β»
564 2344 650 2392 Iug.
677 2347 735 2382 95.

409 2411 444 2453 ⁶2)
495 2409 570 2445 Cio.
596 2410 705 2446 Brut.
733 2412 789 2447 34.

410 2475 444 2519 3)
496 2474 646 2510 Gellius
671 2476 703 2511 I.
730 2479 763 2512 6.

410 2541 444 2585 45)
496 2539 570 2575 Cic.
602 2540 648 2576 de
676 2541 781 2577 Orat.
809 2542 887 2578 III.
914 2545 946 2579 8.
973 2545 1029 2579 29.

413 2607 447 2651 5)
498 2604 573 2641 Cic.
603 2605 712 2642 Brut.
738 2609 794 2643 48.
825 2608 904 2644 177.

413 2673 447 2716 6)
495 2669 570 2705 Cic.
598 2670 707 2706 Brut.
738 2673 793 2708 33.

413 2740 446 2784 7)
498 2740 572 2775 Cic.
604 2740 715 2775 Tusc.
747 2739 797 2775 V.
829 2741 883 2774 19.
917 2739 972 2774 55.

413 2806 448 2849 8)
498 2804 572 2839 Cic.
602 2804 710 2839 Brut.
738 2805 793 2840 36.
822 2805 899 2839 138.

413 2870 447 2914 9)
498 2869 586 2904 Sall.
616 2869 658 2904 B.
685 2869 770 2916 Iug.
802 2870 857 2904 85.
