1988 3366
1071 321 1096 369 2

361 513 465 556 adeo
505 512 717 555 dictatoris
758 511 961 555 invidiam
989 512 1213 564 odiumque
1240 512 1283 554 in
1313 511 1510 564 Marium,
1538 511 1695 564 gloriae
1722 526 1792 554 cu-

355 585 589 637 piditatem,
628 584 871 626 iactantiam
913 587 1039 634 atque
1069 583 1353 635 arrogantiam
1380 582 1551 636 redolet,
1580 587 1628 625 ut
1654 583 1791 635 ipsum

352 671 427 709 pro
459 657 574 699 fonte
603 660 646 698 et
673 659 844 698 auctore
872 654 1112 697 habendum
1141 669 1229 696 esse
1257 655 1301 696 in
1331 658 1526 706 promptu
1556 655 1621 696 sit.
1668 654 1792 708 „Plu-

359 727 501 782 „tarch
528 728 642 770 citirt
675 727 755 769 den
784 726 903 769 Sulla
932 740 986 768 an
1014 726 1152 768 vielen
1183 725 1342 767 Stellen
1359 725 1421 779 1):
1450 725 1588 767 indess
1617 725 1704 767 dies
1720 725 1791 767 be-

360 801 503 854 „Weist
529 799 646 841 nicht
672 813 718 841 so
747 797 975 850 schlagend
992 798 1106 840 seine
1122 797 1445 850 durchgehende
1462 796 1715 850 Benutzung
1729 797 1791 839 als

360 871 452 925 „die
479 870 763 922 Verdrehung
789 869 999 912 einzelner
1027 869 1333 911 Thatsachen.'’
1360 869 1403 920 2)
1504 925 1507 929 ῃ

409 943 499 985 Nec
526 942 704 984 mirum:
733 941 801 983 hie
828 941 941 983 enim
969 941 1088 993 copia
1106 940 1318 982 uberrima
1332 939 1489 993 aderat,
1504 939 1649 982 aderat
1663 939 1791 981 etiam

356 1014 551 1056 materies
574 1013 743 1055 consilio
775 1012 1020 1065 conducens,
1049 1026 1143 1053 cum
1172 1012 1356 1053 narratio
1384 1025 1480 1053 eum
1496 1011 1676 1053 colorem
1690 1023 1791 1062 prae

357 1099 401 1127 se
418 1084 558 1135 ferret,
571 1098 654 1136 quo
674 1084 763 1136 ipse
776 1097 843 1126 res
857 1086 995 1136 gestas
1009 1082 1189 1125 scribere
1204 1082 1374 1124 solebat.
1402 1081 1490 1123 Ubi
1505 1085 1646 1123 autem
1662 1080 1790 1123 semel

356 1156 483 1198 talem
493 1155 735 1207 scriptorem
744 1153 859 1206 adiit,
869 1153 958 1196 eius
972 1154 1264 1196 auctoritatem
1277 1153 1401 1194 nimis
1410 1166 1475 1194 ser
1482 1152 1615 1194 viliter
1625 1155 1790 1193 secutus

355 1230 428 1269 est.
483 1226 581 1269 Non
622 1225 762 1268 omnia
794 1225 964 1277 quidem
990 1224 1088 1267 inde
1117 1224 1270 1277 hausit,
1299 1237 1396 1266 cum
1425 1223 1559 1265 multa
1586 1221 1790 1263 eiusmodi

353 1298 449 1352 sint,
478 1301 526 1339 ut
543 1311 569 1339 a
597 1296 716 1341 Sulla
742 1296 930 1349 profecta
957 1310 1046 1338 esse
1072 1309 1155 1338 non
1182 1294 1340 1347 possint
1367 1298 1493 1345 atque
1520 1293 1668 1336 Livius
1681 1307 1716 1335 c.
1737 1293 1788 1346 6.,

356 1368 384 1411 J
387 1368 472 1411 uba
498 1383 533 1410 c.
568 1370 630 1422 16,
658 1367 898 1411 Fenestella
924 1381 960 1409 c.
987 1368 1056 1419 22,
1084 1366 1235 1408 Strabo
1261 1380 1296 1407 c.
1312 1367 1376 1418 26,
1407 1364 1628 1407 Sallustius
1644 1363 1788 1415 Comp-

356 1440 459 1492 Lys.
487 1454 522 1482 c.
551 1441 577 1482 3
603 1440 853 1482 nominatim
879 1442 1175 1481 memorentur.
1204 1436 1246 1490 3)
1304 1436 1386 1479 Sed
1415 1436 1465 1478 iis
1493 1450 1591 1478 usus
1612 1438 1687 1489 est,
1704 1448 1788 1478 non

359 1515 419 1564 ut,
460 1511 770 1564 comparatione
808 1510 1014 1562 instituta,
1041 1508 1153 1561 quod
1181 1522 1330 1551 verum
1356 1520 1445 1550 esse
1472 1506 1687 1550 videretur
1714 1519 1787 1548 ex-

358 1582 685 1634 ploraret-nimis
725 1581 839 1624 enim
878 1595 974 1623 raro
1017 1594 1139 1622 suum
1166 1579 1368 1621 iudicium
1396 1575 1714 1630 interponit-sed
1740 1579 1789 1618 ut

357 1653 588 1697 narrationi
626 1667 693 1696 res
733 1652 905 1696 minoris
931 1651 1132 1694 momenti
1158 1651 1438 1703 intersereret,
1465 1662 1573 1701 quae
1600 1660 1788 1691 summae

358 1725 566 1776 totiusque
595 1724 736 1776 scripti
766 1724 894 1766 colori
921 1723 1082 1765 nullam
1109 1721 1292 1764 afferunt
1319 1720 1700 1763 commutationem.

411 1795 547 1845 Quam
591 1796 644 1838 ob
674 1810 764 1837 rem
791 1809 875 1837 non
906 1794 1028 1846 plane
1056 1808 1082 1835 a
1109 1807 1208 1836 vero
1236 1791 1341 1834 mihi
1368 1791 1593 1834 abhorrere
1621 1790 1787 1834 videtur

356 1866 467 1918 quod
508 1866 679 1908 Heeren
719 1866 762 1918 4)
792 1868 951 1907 censet:
985 1863 1127 1906 Sullae
1154 1863 1474 1906 commentarios
1500 1876 1527 1904 a
1554 1860 1785 1903 Plutarcho

356 1939 400 1981 in
442 1938 651 1991 epitomen
688 1951 776 1979 esse
815 1936 1017 1989 redactos,
1052 1935 1123 1978 sed
1151 1934 1353 1977 addamus
1382 1932 1635 1977 Plutarcheo
1661 1931 1786 1975 modo

357 2112 574 2159 polirentur
603 2115 642 2147 et
667 2111 932 2158 digererentur
957 2110 1003 2146 cf.
1022 2109 1126 2145 Plut.
1153 2109 1246 2145 Luc.
1274 2111 1304 2153 1„
1331 2108 1494 2144 Librum
1517 2107 1784 2155 imperfectum

358 2160 440 2196 eius
465 2160 628 2195 libertus
654 2158 849 2206 Epicadus
875 2158 1079 2204 supplevit.
1129 2157 1232 2193 Suet.
1259 2157 1306 2192 dc
1331 2157 1385 2192 ill.
1411 2168 1567 2210 gramm.
1593 2156 1650 2191 12.

403 2207 566 2243 Initium
589 2207 692 2242 vitae
720 2219 812 2242 suae
836 2205 1048 2241 narrandae
1074 2217 1096 2240 a
1121 2208 1330 2252 quaestura
1354 2204 1487 2239 fecisse
1503 2203 1785 2250 videtur:quas

357 2268 417 2291 res
441 2255 482 2291 in
501 2255 634 2290 Africa
654 2258 693 2290 ct
717 2257 851 2301 postca
864 2254 1023 2299 legatus,
1042 2257 1205 2299 praetor,
1224 2252 1358 2287 consul
1371 2251 1498 2297 gessit,
1511 2250 1644 2298 paucis
1656 2253 1786 2286 tamen

356 2302 591 2339 Plutarchus
628 2302 803 2337 absolvit.
851 2301 948 2336 lnde
982 2313 1005 2336 a
1037 2300 1140 2336 bello
1173 2299 1277 2335 civili
1313 2311 1402 2335 cum
1429 2299 1557 2335 Mario
1586 2310 1711 2346 usque
1735 2297 1785 2333 ad

358 2350 548 2397 proelium
585 2350 634 2386 ad
670 2349 828 2385 Portam
866 2348 1056 2384 Collinam
1079 2347 1228 2384 multus
1253 2349 1310 2383 est
1337 2347 1378 2382 in
1402 2346 1604 2387 narrando,
1634 2345 1786 2393 singula

359 2402 580 2434 consectans
609 2402 648 2433 et
676 2397 869 2443 colligens.
919 2395 1030 2440 Quae
1060 2407 1147 2442 pars
1180 2406 1268 2430 cum
1300 2394 1395 2430 mihi
1424 2393 1680 2441 praestantior
1703 2404 1784 2429 esse

356 2445 522 2487 videtur,
542 2457 631 2481 cum
650 2443 941 2480 commentarios
961 2443 1023 2479 hic
1043 2443 1158 2479 finem
1182 2454 1224 2478 ce
1252 2442 1326 2477 isse
1350 2442 1565 2488 suspicione
1582 2452 1785 2488 assequor:

356 2493 395 2528 in
424 2493 584 2528 caeteris
609 2492 765 2539 quidem
790 2503 928 2539 parum
952 2491 1115 2537 diligens
1131 2493 1200 2526 est.
1224 2455 1575 2536 Proscriptionibus
1599 2499 1785 2535 perquam

356 2541 524 2576 breviter
540 2540 754 2587 perstrictis
771 2544 810 2574 et
827 2550 925 2586 quae
943 2538 1052 2574 Sulla
1068 2538 1233 2574 dictator
1247 2537 1448 2573 constituit
1463 2537 1576 2584 plane
1590 2535 1786 2583 neglectis,

355 2588 394 2622 in
436 2587 737 2623 narratiunculis
772 2586 1013 2634 quibusdam,
1052 2597 1151 2633 quae
1184 2585 1233 2622 ad
1264 2585 1346 2621 eius
1379 2587 1589 2620 extremam
1622 2586 1786 2619 aetatem

355 2636 548 2681 pertinent
572 2635 789 2682 acquiescit.

405 2702 439 2744 1)
491 2700 581 2746 Cap.
608 2703 641 2735 4.
668 2702 699 2735 5.
727 2702 759 2735 6.
787 2701 843 2734 14.
871 2701 926 2735 16.
954 2700 1008 2735 17.
1036 2700 1090 2734 19.
1117 2699 1174 2734 23.
1201 2698 1257 2735 27.
1284 2699 1340 2734 28.
1366 2698 1422 2734 27.

405 2767 440 2810 2)
490 2765 540 2800 H.
567 2765 692 2801 Peter.
719 2765 793 2800 Die
820 2764 987 2809 Quellen
1012 2764 1118 2800 Plut.
1143 2764 1183 2799 in
1200 2764 1273 2799 den
1289 2763 1416 2810 Biogr.
1435 2762 1503 2799 der
1515 2763 1657 2799 Romer
1672 2774 1708 2809 p.
1726 2762 1782 2798 57.

408 2831 442 2874 3)
492 2830 551 2865 De
578 2831 670 2865 font.
700 2833 738 2865 ct
763 2833 861 2865 auct.
889 2830 971 2867 Vit.
995 2828 1138 2864 Parall.
1167 2828 1272 2864 Plut.
1298 2841 1335 2876 p.
1361 2830 1441 2864 151.

406 2897 441 2939 4)
492 2895 618 2930 Etiam
649 2895 743 2930 alios
769 2907 845 2930 non
862 2894 1087 2929 nominatim
1111 2893 1256 2930 indicat
1281 2907 1311 2930 c.
1338 2894 1393 2936 17,
1419 2906 1448 2929 c.
1475 2894 1531 2928 31.
