1988 3366
1012 313 1066 356 38

373 494 426 536 In
470 493 595 536 Marii
635 499 761 547 caput
800 497 1020 548 pecuniam
1059 499 1350 551 pronunciavit
1393 502 1459 544 οὐκ
1485 503 1744 556 εὐγνωμόνως,

321 566 407 608 οὐδε
464 569 668 614 πολιτικῶς
725 565 751 620 ᾧ
808 584 856 619 γε
902 569 1031 623 μικρὸν
1074 568 1285 624 ἔμπροσθεν
1321 572 1536 627 ὑποχείριον
1577 576 1628 620 εἷς
1677 577 1746 626 τὴν

321 635 437 678 οἰκίαν
475 637 562 683 δοὺς
598 637 746 687 ἑαυτὸν,
783 639 982 692 ἀσφαλῶς
1016 640 1168 694 ἀφείθη.
1238 641 1373 685 Καίτοι
1409 643 1547 698 Μαρίῳ
1576 644 1666 688 τότε
1693 647 1750 698 μὴ

322 706 438 750 διέντι
466 707 641 757 Σύλλαν,
665 709 759 751 ἀλλ’
787 707 990 753 ἀποθανεῖν
1019 712 1093 754 ὑπὸ
1120 713 1352 755 Σουλπικίου
1380 714 1575 769 προεμένῳ
1590 715 1747 760 πάντων

323 783 474 831 κρατεῖν
519 779 708 832 ὑπῆρχεν,
736 786 842 822 ἀλλ’
871 780 971 832 ὅμως
1008 782 1208 836 ἐφείσατο·
1234 783 1300 826 καὶ
1327 785 1412 835 μεθ’
1440 784 1585 839 ἡμέρας
1612 786 1750 838 ὀλίγας

324 849 391 897 τὴν
436 849 557 898 αὐτὴν
589 850 720 901 λαβὴν
749 852 984 904 παρασχὼν,
1013 854 1078 896 οὐκ
1105 852 1229 907 ἔτυχε
1259 857 1333 897 τῶν
1362 855 1505 907 ὁμοίων.
1560 856 1628 899 Ita
1653 856 1755 901 Plu-

323 918 493 961 tarchus
517 933 614 961 eum
640 921 921 973 reprehendit.
1501 922 1504 926 ’

377 989 596 1042 Sulpicius,
637 1004 762 1042 quem
812 994 972 1044 equites
1012 994 1057 1036 in
1097 982 1367 1038 Laurentinis
1409 996 1631 1049 paludibus
1657 1002 1756 1041 sunt

322 1062 512 1121 assecuti,
556 1063 714 1105 occisus
756 1067 830 1117 est,
876 1079 902 1107 a
943 1079 1064 1108 servo
1111 1081 1185 1109 suo
1226 1067 1426 1122 proditus,
1468 1081 1594 1120 quem
1636 1070 1755 1114 Sulla

322 1133 576 1185 manumisit,
612 1139 661 1176 ut
687 1135 921 1187 praemium
948 1136 1194 1188 promissum
1221 1138 1363 1181 indicii
1390 1138 1576 1187 haberet.
1605 1140 1756 1185 deinde

324 1203 374 1245 de
403 1218 504 1246 saxo
534 1206 825 1258 praecipitavit
853 1207 906 1249 ob
933 1208 1065 1250 scelus
1093 1208 1248 1259 proditi
1275 1208 1444 1252 domini.
1498 1210 1638 1263 Caput
1665 1212 1758 1255 eius

325 1278 511 1317 erectum
556 1280 598 1318 et
640 1281 894 1319 ostentatum
937 1292 1011 1330 pro
1037 1280 1182 1322 rostris
1209 1280 1324 1323 velut
1351 1295 1474 1324 omen
1500 1282 1758 1328 imminentis

324 1347 634 1398 proscriptionis
662 1347 741 1389 fuit
772 1347 826 1401 1).

378 1416 444 1458 De
472 1417 647 1470 legibus„
674 1431 777 1469 quas
806 1418 922 1460 Sulla
949 1419 1081 1461 victor
1108 1421 1217 1474 tulit,
1246 1421 1498 1465 Plutarchus
1512 1437 1565 1466 ne
1577 1423 1753 1468 verbum
1783 1424 1787 1428 ’

326 1487 513 1537 quidem:
558 1488 704 1530 Livius
744 1489 770 1530 1.
812 1490 839 1531 1.
880 1491 1168 1533 tantummodo
1210 1492 1349 1546 refert,
1375 1507 1473 1535 eum
1500 1495 1753 1547 reipublicae

326 1561 484 1599 statum
525 1559 736 1602 ordinasse
764 1563 807 1602 et
834 1560 1014 1603 colonias
1042 1561 1262 1604 deduxisse
1292 1563 1348 1617 2).
1376 1564 1596 1617 Appianus
1622 1566 1677 1610 B.
1708 1566 1755 1610 O.

325 1627 361 1668 Ι.
403 1630 454 1670 59
483 1629 601 1671 nobis
628 1644 702 1682 pro
730 1630 923 1673 omnibus
951 1636 1013 1673 est
1040 1637 1233 1675 accurate
1260 1647 1311 1676 ea
1338 1634 1532 1689 referens,
1560 1648 1668 1688 quae
1697 1637 1753 1680 ad

326 1699 592 1750 optimatium
632 1700 956 1744 dominationem
997 1703 1323 1746 confirmandam
1358 1706 1622 1759 promulgata
1649 1711 1759 1762 sunt,

325 1783 377 1810 ne
405 1769 656 1812 turbulentis
684 1771 922 1814 hominibus
948 1774 1183 1826 respublica
1210 1775 1256 1817 in
1278 1779 1491 1828 posterum
1506 1776 1753 1821 traderetur.

379 1840 412 1882 Ι.
469 1840 587 1890 Quae
629 1841 836 1895 Sulpicius
876 1848 967 1896 post
1006 1845 1211 1889 iustitium
1238 1848 1509 1890 constituerat
1538 1848 1757 1903 abrogavit

325 1912 372 1955 ὡς
407 1912 472 1953 οὐκ
499 1909 651 1963 ἔννομα.

378 1981 436 2023 II.
491 1982 651 2035 Legem
706 1984 816 2037 tulit,
871 1998 954 2037 qua
1006 1987 1206 2040 populum
1264 2002 1412 2041 rogare
1458 1989 1547 2032 sine
1588 1994 1757 2033 senatus

326 2054 574 2095 auctoritate
601 2069 684 2097 non
701 2051 841 2099 licuit.

380 2123 464 2165 III.
520 2125 681 2179 Sanxit,
710 2131 756 2169 ut
771 2142 824 2170 ex
837 2129 1027 2171 instituto
1042 2129 1178 2173 Servii
1197 2130 1326 2172 Tullii
1339 2131 1506 2173 comitia
1520 2133 1756 2175 centuriata

326 2194 643 2237 restituerentur
671 2211 764 2251 neu,
793 2199 915 2241 sicuti
941 2201 985 2241 in
1012 2214 1171 2243 morem
1199 2205 1384 2255 venerat,
1412 2203 1580 2245 comitia
1601 2203 1761 2246 tributa

327 2264 595 2307 haberentur.
838 2271 842 2274 '

376 2481 409 2523 1)
435 2479 518 2515 Liv.
544 2479 616 2525 Ep.
643 2479 699 2515 77.
726 2477 832 2513 Oros.
860 2478 907 2512 V.
935 2479 991 2512 19.
1017 2476 1103 2512 Val.
1130 2476 1238 2512 Max.
1267 2477 1336 2512 VI.
1364 2479 1395 2513 5.
1423 2479 1456 2514 7.

375 2544 410 2588 2)
437 2542 533 2578 Cum
558 2543 673 2578 huius
698 2542 764 2584 rei,
790 2541 1032 2589 dignissimae
1059 2541 1215 2588 quidem
1240 2545 1464 2583 memoratu,
1491 2542 1626 2578 Livius
1652 2543 1757 2579 solus

328 2593 462 2625 auctor
499 2591 558 2632 sit,
594 2594 684 2626 sunt
709 2589 777 2636 qui
800 2590 929 2636 legant
954 2589 1122 2624 colonias
1146 2589 1301 2624 reduxit
1325 2589 1349 2624 i.
1376 2602 1406 2625 e.
1431 2603 1518 2626 cum
1543 2591 1759 2645 complures

329 2638 498 2673 coloniae
523 2638 625 2673 bello
652 2638 783 2673 sociali
808 2637 955 2672 deletae
981 2640 1117 2680 essent,
1143 2649 1278 2683 magna
1297 2637 1522 2673 colonorum
1535 2638 1758 2680 multltudo,

329 2685 489 2731 Sulpicii
513 2685 708 2731 promissis
733 2685 892 2726 adlecta,
918 2685 1081 2720 Romam
1105 2684 1341 2731 confugerat,
1360 2697 1457 2732 quos
1475 2685 1584 2721 Sulla
1600 2685 1759 2740 domum

329 2731 527 2767 reduxisse
564 2733 716 2776 dicitur,
754 2745 801 2768 ne
840 2732 926 2780 quis
953 2745 991 2768 se
1018 2732 1173 2768 absente
1197 2732 1340 2768 iterum
1364 2745 1432 2779 per
1456 2732 1625 2787 infimam
1649 2733 1758 2788 lllam

330 2779 479 2825 plebem
515 2781 647 2816 turbas
686 2780 898 2815 suscitaret.
948 2779 1076 2815 Etiam
1112 2782 1246 2826 postea
1283 2780 1413 2822 Cinna,
1448 2792 1566 2816 novos
1593 2792 1693 2816 cives
1717 2793 1758 2816 111

330 2839 458 2861 omnes
495 2828 618 2863 tribus
654 2840 692 2863 se
730 2827 1029 2863 distributurum
1066 2827 1273 2874 pollicitus,
1312 2839 1355 2863 eo
1388 2827 1540 2863 nomine
1564 2828 1758 2875 ingentem

329 2874 447 2911 totius
479 2875 616 2911 ltaliae
640 2875 896 2922 frequentiam
919 2875 959 2911 in
985 2875 1119 2912 urbem
1143 2875 1278 2911 accivit
1303 2875 1350 2911 cf.
1377 2875 1478 2911 Vell.
1504 2875 1588 2912 Pat.
1614 2875 1669 2912 H.
1695 2877 1751 2912 20.
