1988 3366
1018 334 1070 380 36

330 524 508 576 ruspice,
549 524 620 574 qui
661 523 855 576 inspectis
898 524 1006 565 extis
1047 537 1142 564 eum
1185 514 1486 564 sacrificantem
1529 521 1675 572 oravit,
1715 523 1763 561 ut

336 608 424 636 sese
453 595 495 636 in
525 594 711 636 custodia
739 594 913 636 haberet
947 597 989 635 et
1016 593 1069 635 ad
1098 594 1346 645 supplicium
1376 592 1558 645 duceret,
1585 592 1664 634 nisi
1677 605 1763 634 om-

333 666 402 707 nia
446 679 500 707 ex
540 666 669 707 animi
709 666 915 707 sententia
943 665 1186 707 cecidissent
1214 664 1267 715 1).
1298 664 1441 706 Etiam
1469 663 1675 705 excitatus
1702 667 1764 705 est

332 736 502 788 somnio,
545 749 633 794 quo*
670 736 805 777 Deam
845 735 1056 787 quandam
1085 735 1242 777 fulmen
1269 735 1348 777 sibi
1375 734 1611 776 tradentem
1638 737 1764 785 atque

330 806 518 848 inimicos
545 806 668 848 ferire
693 806 921 857 jubentem,
957 820 1068 858 quos·
1085 806 1331 848 nominatim
1359 804 1608 858 appellabat,
1623 804 1765 847 videre

333 877 444 918 visus
485 880 566 918 est:
608 876 653 918 hi
695 891 794 919 vero
840 877 1020 928 percussi
1060 877 1300 919 ceciderunt
1328 880 1372 918 et
1399 890 1422 918 e
1449 875 1588 929 medio
1616 875 1766 927 dilapsi

334 951 442 988 sunt.
497 947 608 996 Quid
638 947 688 988 de
717 947 781 988 his
809 947 934 989 rebus
961 947 1225 989 sentiendum
1254 948 1322 1000 sit,
1350 947 1432 988 alio
1461 946 1552 988 loco
1581 945 1764 988 declara-

336 1018 491 1059 vimus:
535 1017 603 1059 hic
634 1018 755 1059 fictae
785 1022 881 1060 sunt
909 1017 963 1059 ad
991 1018 1149 1060 animos
1178 1017 1482 1059 confirmandos
1510 1029 1665 1069 eorum,
1694 1016 1766 1067 qui

332 1092 476 1129 contra
517 1088 628 1130 cives
667 1103 784 1130 arma
827 1102 974 1140 capere
1003 1088 1264 1142 dubitabant,
1293 1102 1345 1130 ne
1373 1088 1501 1140 signis
1530 1087 1685 1130 relictis
1711 1086 1766 1129 ad

334 1158 591 1200 adversarios
618 1159 937 1210 transfugerent.

392 1230 569 1271 Senatus
605 1243 716 1282 vero,
744 1230 815 1280 qni
845 1243 944 1271 suae
973 1229 1187 1281 potestatis
1214 1243 1295 1270 non
1327 1232 1430 1281 erat,
1459 1227 1531 1270 sed
1560 1228 1614 1270 ad
1641 1227 1766 1270 Marii

337 1304 380 1341 et
420 1299 591 1351 Sulpicii
631 1303 781 1341 nutum
822 1300 1195 1351 circumagebatur‚
1236 1301 1279 1349 2)
1321 1299 1464 1341 audito
1510 1299 1670 1341 Sullam
1708 1298 1762 1340 ad

338 1370 500 1412 Urbem
529 1370 684 1422 venire,
715 1370 765 1411 D.
794 1370 964 1411 Iunium
992 1370 1170 1412 Brutum
1202 1373 1244 1411 et
1272 1369 1320 1411 P.
1350 1369 1574 1412 Servilium
1591 1369 1765 1412 Albino·

338 1456 494 1483 vanum
537 1445 747 1493 praetores
793 1441 906 1482 misit
948 1441 1020 1492 qui
1064 1455 1160 1483 eum
1204 1441 1427 1494 procedere
1459 1444 1669 1484 vetarent:
1698 1441 1770 1492 qui

337 1512 462 1563 paulo
491 1512 667 1553 ferocius
694 1512 823 1553 locuti
850 1511 893 1553 in
921 1526 1132 1553 summum
1162 1511 1381 1554 discrimen
1403 1511 1658 1554 inciderunt:
1674 1525 1770 1553 con-

336 1582 478 1623 fractis
520 1582 699 1624 fascibus
726 1582 1036 1634 praetextisque
1067 1582 1240 1634 direptis
1270 1586 1312 1624 et
1338 1582 1482 1625 multis
1509 1581 1770 1624 contumeliis

340 1652 467 1694 illatis
512 1666 582 1694 eos
627 1653 888 1694 remiserunt.
944 1652 1026 1694 Hic
1072 1653 1291 1705 adspectus
1338 1667 1510 1706 gravem
1557 1652 1770 1695 tristitiam

283 1747 287 1751 ·
337 1723 544 1775 movebat,
574 1723 684 1774 quod
711 1723 942 1775 insignibus
970 1724 1186 1776 praetoriis
1215 1724 1378 1776 spoliati
1408 1724 1654 1766 seditionem
1685 1724 1771 1766 iam

336 1809 418 1836 non
464 1795 679 1846 comprimi
723 1809 840 1846 posse
884 1795 952 1837 vel
979 1795 1116 1837 sedari
1143 1795 1423 1838 ostenderunt.
1479 1796 1640 1838 Marius
1669 1799 1770 1837 tunc

336 1865 464 1906 etiam
494 1865 651 1906 bellum
679 1865 866 1916 parabat.

389 1935 454 1976 De
515 1935 592 1977 hac
642 1949 687 1976 re
736 1935 842 1977 nihil
889 1936 1017 1978 habet
1061 1936 1292 1989 Appianus,
1347 1937 1420 1988 qui
1476 1935 1769 1978 tantummodo

337 2006 465 2048 tradit
512 2008 552 2054 3)
607 2006 762 2059 Sullae,
814 2021 909 2049 oum
959 2014 1095 2048 castra
1136 2007 1345 2058 movisset,
1387 2007 1550 2060 legatos
1603 2007 1771 2050 obviam

337 2076 468 2118 factos
508 2077 776 2131 sciscitantes,
819 2077 919 2128 quid
955 2078 1015 2118 ita
1042 2078 1224 2129 patriam
1251 2081 1438 2120 armatus
1466 2081 1652 2131 peteret3
1706 2077 1772 2120 his

340 2147 608 2198 respondisse,
652 2152 698 2189 ut
725 2162 818 2189 eam
845 2163 870 2189 a
902 2148 1126 2199 tyrannide
1154 2148 1370 2190 liberaret:
1402 2148 1550 2190 eodem
1576 2162 1772 2201 responso

339 2218 491 2259 iterum
520 2222 644 2268 atque
674 2218 796 2260 tertio
825 2219 916 2260 aliis
944 2222 1037 2270 post
1064 2219 1166 2260 alios
1193 2219 1343 2271 legatis
1373 2219 1482 2272 dato,
1498 2223 1640 2262 tamen
1653 2219 1773 2272 polli-

340 2288 445 2329 citus
473 2291 546 2339 est,
577 2288 609 2329 si
637 2292 805 2330 senatus
833 2303 928 2330 cum
956 2289 1090 2330 Mario
1111 2293 1153 2330 et
1168 2289 1349 2341 Sulpicio
1365 2290 1441 2331 sibi
1457 2294 1621 2342 praesto
1637 2293 1774 2333 essent

341 2359 383 2399 in
413 2358 571 2410 Campo
598 2359 762 2409 Martio,
792 2373 835 2400 se
863 2359 914 2401 de
942 2360 1153 2401 communi
1185 2360 1357 2402 consilio
1387 2365 1593 2404 acturum.

396 2429 464 2470 Ad
495 2430 636 2471 Pictas
664 2430 835 2471 tandem
863 2431 945 2471 alia
973 2431 1128 2482 legatio
1157 2430 1210 2472 ab
1239 2445 1288 2473 eo
1314 2433 1551 2486 postulavit,
1580 2447 1634 2476 ne
1662 2434 1774 2476 intra

342 2500 534 2550 quintum
562 2500 743 2551 lapidem
773 2505 908 2542 castra
935 2505 1118 2553 poneret,
1147 2501 1276 2543 donec
1304 2507 1471 2545 senatus
1499 2504 1550 2546 de
1564 2505 1773 2556 praesenti

344 2571 509 2622 negotio
553 2570 840 2613 deliberasset:
870 2571 980 2614 hunc
1009 2572 1119 2614 enim
1151 2573 1189 2614 ei
1218 2573 1528 2617 satisfacturum
1557 2579 1600 2618 et
1627 2576 1774 2618 annuit

394 2753 427 2797 1)
455 2753 553 2798 Aug.
581 2752 627 2788 de
654 2752 724 2788 civ.
751 2752 825 2789 Dei
849 2753 902 2789 Π.
929 2755 986 2789 24.

393 2818 428 2861 2)
454 2816 536 2852 Liv.
562 2817 663 2864 Epit.
690 2818 746 2854 77.

394 2880 428 2926 3)
454 2881 496 2916 B.
525 2881 563 2916 C.
589 2882 621 2917 I.
647 2882 701 2918 57.
