1988 3366
865 318 912 360 13

164 506 293 550 tortia
320 504 544 549 Numidiae
574 508 692 563 parte
722 504 906 556 praemio
937 503 1138 555 promissa
1167 501 1377 556 perduxit,
1403 506 1450 544 ut
1463 513 1603 543 secum

165 577 307 632 copias
347 578 621 629 conjungeret
663 574 929 626 Mariumque
977 576 1018 616 in
1060 573 1236 616 hiberna
1278 573 1604 625 proficiscentem

165 646 398 692 invaderet.
453 646 630 690 Barbari
663 659 762 687 vero
790 645 944 697 repulsi
960 649 1070 687 suut.
1127 644 1287 694 Quarto
1301 643 1370 687 die
1385 649 1477 697 post
1491 642 1604 685 haud

165 718 291 773 longo
330 717 386 761 ab
413 717 532 761 Cirta
560 715 696 759 Mario
725 730 751 757 a
777 715 1109 768 speculatoribus
1136 715 1355 758 nuntiatur
1382 713 1522 757 hostes
1550 713 1604 756 ab

164 789 360 836 omnibus
386 789 576 843 partibus
603 787 750 831 videri.
806 786 936 839 Sulla,
962 787 1032 839 qui
1064 787 1246 839 primum
1274 786 1318 829 in
1347 799 1418 828 eos
1445 784 1605 837 incidit,

165 861 363 907 confertis
402 857 521 914 equis
565 859 735 902 Mauros
773 858 940 911 invasit,
981 858 1158 901 caeteris
1198 858 1290 900 loco
1325 856 1606 909 manentibus,

165 933 223 977 ab
247 931 396 976 iaculis
421 931 585 975 eminus
611 929 772 973 emissis
800 942 973 981 corpora
1002 927 1253 981 tegentibus.
1309 927 1424 970 Dum
1445 927 1606 979 equites

166 1017 219 1048 eo
247 1002 372 1048 modo
398 1002 669 1056 proeliantur,
700 999 890 1043 Bocchus
903 1004 1155 1053 postremam
1170 998 1457 1042 Romanorum
1472 997 1606 1041 aciem

165 1088 386 1129 aggi-emus
422 1073 484 1116 ita
524 1072 707 1115 Marium
748 1071 939 1124 urgebat,
965 1075 1013 1113 ut
1040 1070 1213 1123 paulum
1240 1084 1267 1112 a
1296 1069 1397 1122 fuga
1423 1068 1603 1118 abesset,

166 1160 263 1190 cum
303 1144 423 1189 Sulla
454 1143 683 1197 profligatis
710 1142 782 1194 qui
810 1146 956 1184 contra
983 1146 1199 1194 steterant,
1228 1140 1393 1184 rediens
1418 1154 1446 1183 a
1473 1140 1607 1183 latere

166 1217 328 1261 Mauris
365 1215 540 1260 incurrit
580 1214 802 1266 hostesque
843 1213 1010 1266 avertit,
1042 1213 1151 1255 inter
1177 1226 1280 1265 quos
1307 1225 1463 1266 magna
1490 1211 1605 1255 edita

167 1292 234 1332 est
259 1292 435 1341 strages.

219 1357 474 1403 Plutarchus
512 1361 556 1400 et
597 1356 676 1400 hoc
713 1356 803 1399 loco
830 1361 874 1398 et
900 1356 944 1398 in
975 1354 1078 1397 Vita
1105 1354 1230 1397 Marii
1258 1368 1294 1397 c.
1324 1355 1376 1397 10
1403 1366 1606 1407 perquam

167 1427 353 1474 breviter
397 1421 555 1472 bellum
598 1426 898 1480 Iugurthinum
939 1425 1129 1478 expedit:
1173 1425 1218 1468 in
1262 1424 1313 1467 iis
1358 1437 1459 1468 vero
1499 1437 1608 1476 quae

168 1499 299 1544 tradit
337 1499 463 1543 Marii
504 1497 701 1542 laudibus
742 1496 962 1549 obtrectat,
1001 1495 1142 1539 Sullae
1182 1499 1329 1538 contra
1356 1493 1463 1538 bene
1490 1498 1609 1548 gesta

168 1570 352 1626 adauget
376 1575 651 1622 exornatque,
678 1573 727 1611 ut
754 1568 931 1611 dubium
959 1582 1042 1610 non
1073 1567 1141 1618 sit,
1162 1567 1263 1619 quin
1292 1566 1457 1610 Sullam
1471 1565 1608 1620 ipsum

169 1656 257 1686 rem
295 1641 446 1695 cupide
465 1645 508 1684 et
537 1640 679 1692 inique.
708 1640 750 1682 in
778 1637 1093 1682 commentariis
1121 1641 1376 1686 narrantem.
1404 1636 1607 1689 legamus.

170 1712 447 1757 Plutarchum
475 1712 589 1754 enim
619 1711 653 1754 si
681 1710 904 1762 audiveris,
933 1723 1013 1751 non
1045 1709 1284 1761 imperator,
1313 1706 1386 1751 sed
1412 1711 1608 1759 quaestor

169 1783 247 1828 tibi
288 1782 445 1827 bellum
486 1780 710 1824 confecisse
752 1779 981 1822 videbitur:
1027 1778 1146 1821 Sulla
1174 1777 1329 1821 Bocchi
1366 1777 1607 1830 amicitiam,

170 1854 290 1898 euius
328 1854 488 1907 legatos
514 1867 541 1895 a
568 1850 801 1894 latronibus
828 1851 1135 1893 circumventos
1163 1854 1206 1892 et
1232 1848 1430 1901 spoliatos
1458 1846 1608 1891 libera·

167 1924 269 1968 liter
307 1923 527 1975 habuerat,
569 1922 647 1965 sibi
677 1921 909 1975 populoque
945 1920 1137 1963 Romano
1169 1923 1395 1972 comparat.
1450 1917 1553 1960 Mox
1583 1931 1610 1959 a

170 2009 270 2049 rege
311 1995 547 2046 arcessitur,
577 2000 624 2036 ut
651 1992 859 2046 Iugurtha
886 1991 965 2034 sibi
995 1990 1185 2044 captivus
1213 1989 1423 2032 tradatur:
1448 1988 1538 2031 τότε
1565 1987 1607 2029 δὲ

171 2064 372 2119 §rr-innius
413 2066 478 2107 xx}
520 2064 744 2116 πεφευγότι
787 2060 1054 2117 (Ἰσυγσύρῦᾳ)
1083 2062 1175 2114 πρὸς
1202 2061 1319 2103 αὐτὸν
1347 2058 1607 2110 ἐπιβουλεύων

171 2138 215 2192 (ὅ
244 2135 417 2191 Βόκχος)
445 2134 577 2178 ἐκάλει
606 2150 668 2177 τεν
698 2135 860 2177 Σύλλαν
891 2133 940 2175 δι’
969 2133 1106 2174 ἐκείνω
1135 2130 1349 2183 aima-21)
1375 2129 1610 2181 βουλόμενος

171 2209 240 2259 τὴν
274 2209 470 2261 σύλληψιν
498 2208 563 2249 xx}
591 2206 805 2259 πκραὶδσσιν
832 2209 898 2247 τοῦ
927 2204 1141 2255 Ἰαυγεύρθκ
1172 2202 1349 2253 ’γενέσόκι
1377 2202 1461 2251 5531·
1476 2202 1608 2244 αὑτοῦ.

173 2278 238 2322 Ro
277 2277 446 2321 tandem
488 2291 583 2320 cum
629 2277 764 2319 Mario
791 2274 1099 2318 communicata
1130 2286 1341 2316 summum
1372 2270 1608 2325 periculum

171 2349 285 2393 subit
311 2362 407 2392 cum
435 2348 576 2402 paucis
605 2347 827 2390 comitibus
856 2360 953 2388 cum
980 2346 1115 2387 virum
1132 2343 1277 2386 adiens
1292 2344 1413 2395 eique
1429 2342 1610 2385 barbaro

176 2433 266 2463 sese
304 2419 582 2471 committens,
623 2419 693 2471 qui
741 2432 792 2460 nc
833 2431 934 2469 erga
976 2415 1200 2458 familiares
1240 2414 1407 2466 quidem
1450 2415 1493 2457 in
1526 2412 1609 2457 fido

179 2494 427 2544 perseverat·
484 2488 692 2542 Iugurtha
720 2487 885 2538 tradito,
916 2486 1070 2545 bellum
1099 2484 1332 2528 consectum
1359 2490 1441 2527 est:
1497 2484 1608 2536 ὁμὲν

179 2560 239 2606 οὖν
258 2560 497 2615 θριαμβεύων
521 2561 586 2603 ἐπὶ
604 2561 725 2612 nura·
744 2559 888 2611 Μάριες
903 2556 957 2610 ἦν,
973 2558 993 2605 ἡ
1007 2557 1049 2599 δὲ
1065 2555 1162 2606 δόξαι
1177 2559 1244 2598 ns
1258 2556 1554 2607 κατορθώματος
1566 2550 1607 2602 ἣν

179 2633 196 2676 o'
227 2632 378 2685 Μαρίου
403 2631 539 2685 φθόνος
569 2633 709 2682 Σύλλᾳ
739 2628 953 2681 mast-lofe,
982 2627 1200 2679 παρελύπει
1229 2626 1291 2668 τὸν
1310 2625 1454 2678 Maipa-1
1469 2626 1612 2678 ἡσυχῆ.

232 2880 267 2924 1)
315 2880 376 2915 Sic
401 2878 485 2927 logo
513 2890 581 2926 pro
605 2878 772 2927 μάλιστα,
