1988 3366
835 311 890 358 49

112 494 117 499 “
140 498 245 555 ipae,
271 499 424 553 partim
453 498 771 543 Dromichaetes
804 497 860 541 ad
887 497 1078 541 Athenas
1104 497 1317 540 obddione
1344 495 1582 541 liberanda·

140 569 389 624 adduxerat,
415 570 642 624 collegisse.
668 568 788 613 Idem
818 568 1044 612 Arcathiae
1060 568 1309 619 exercitum,
1326 567 1583 611 Mithridatis

139 641 230 694 mii,
268 641 496 695 arcessivit,
536 642 608 694 qui
650 640 750 684 olim
790 654 818 683 a
857 653 955 693 rege
997 644 1144 683 contra
1182 638 1344 682 Sullam
1385 638 1579 682 Athenas

140 717 453 768 oppugnantem
493 713 644 755 missus
684 710 932 755 Macedonia
972 710 1146 753 subacta
1187 710 1231 753 in
1280 710 1431 753 itinere
1472 710 1584 752 circa

143 781 344 829 ¹El‘imtetun
374 782 520 826 morbo
567 782 740 835 interiit,
769 781 954 834 itemque
981 781 1108 824 aliam
1142 795 1326 832 manum,
1352 794 1478 832 quam
1507 794 1584 823 rex

141 859 235 900 tum
274 854 458 908 primum
498 854 680 896 miserat.
735 851 849 895 Huic
890 852 1085 895 Taxilem
1129 851 1356 905 praefuisse
1385 850 1583 904 suspicor.

142 923 420 971 Plutarchum
450 938 549 967 vero
576 923 710 976 magis
738 923 879 976 probo,
906 923 979 975 qui
1007 923 1050 965 in
1078 921 1203 965 rebus
1229 920 1460 974 narrandis,
1473 934 1582 973 quae

141 994 199 1040 ad
223 1009 410 1050 pugnam
437 993 548 1048 apud
576 993 864 1037 Chaeroneam
892 993 1071 1046 patriam
1099 993 1321 1046 pertinent,
1349 990 1586 1035 accuratius

140 1066 264 1110 solito
289 1080 346 1109 ex
373 1065 695 1109 Commentariis
720 1064 907 1107 hausisse
935 1063 1113 1106 videtur.

197 1136 318 1181 Sulla
342 1136 556 1180 intellecto
582 1149 672 1178 sese
700 1135 745 1178 in
765 1135 910 1178 Attica
941 1148 1131 1177 annonae
1148 1133 1438 1177 difficultatem
1456 1132 1585 1175 vitare

144 1221 228 1252 non
269 1221 389 1262 posse
415 1207 543 1250 etiam
569 1207 614 1249 in
641 1206 860 1249 Boeotiam
887 1204 1112 1252 contendit.
1134 1218 1244 1257 quae
1273 1203 1443 1256 quidem
1470 1203 1586 1255 regio

143 1278 268 1333 hosti,
318 1278 509 1331 equitatu
562 1277 743 1320 multum
785 1276 955 1329 valenti,
997 1280 1244 1329 opportuna,
1299 1274 1379 1317 sibi
1441 1278 1587 1316 contra

145 1350 291 1403 inmun
328 1354 432 1392 erat.
486 1348 664 1401 Insuper
691 1347 905 1390 Hortensii
935 1346 1062 1399 legati
1091 1345 1288 1399 periculo,
1316 1343 1475 1387 strenui
1504 1343 1584 1385 viri

146 1426 192 1465 et
229 1419 388 1473 gloriae
422 1418 576 1472 cupidi,
603 1417 866 1470 movebatur,
892 1430 1019 1469 quem
1046 1415 1239 1468 fugatum
1266 1414 1323 1457 ab
1352 1410 1584 1456 Arcathia'e

153 1490 359 1536 militibus
385 1491 526 1543 copias
549 1488 604 1532 ad
631 1503 731 1532 eum
758 1502 814 1531 ex
833 1487 1055 1530 Thessalia
1068 1485 1346 1529 adducentem
1361 1484 1527 1528 barbari
1544 1485 1587 1526 in

148 1561 353 1615 augustiis
378 1559 617 1613 captabant.
672 1557 827 1611 Capbis
854 1563 996 1601 autem
1023 1555 1194 1609 quidam
1224 1569 1321 1598 eum
1339 1555 1424 1597 alio
1439 1554 1588 1596 itinere

151 1630 434 1676 circumduxit
474 1629 552 1673 sub
593 1630 726 1682 ipsam
767 1627 1000 1680 Tithoram‚
1041 1626 1152 1679 quod
1198 1631 1260 1668 est
1299 1624 1518 1668 castellum
1545 1624 1587 1666 in

151 1703 349 1748 Parnassi
391 1702 547 1745 vertice
592 1701 792 1754 positum;
828 1699 1016 1743 hostibus
1044 1697 1225 1741 interdiu
1248 1697 1436 1750 repulsis.
1464 1700 1588 1738 noctu

152 1775 197 1819 in
245 1772 517 1818 Patronidem
568 1785 643 1826 per
682 1771 775 1814 loca
813 1770 1058 1823 confragosa
1097 1766 1312 1811 descendit
1352 1766 1494 1819 ibique
1534 1765 1589 1808 ab

154 1848 378 1890 occurente
405 1842 525 1886 Sulla
549 1846 743 1895 receptus
769 1845 845 1884 est.

700 2023 899 2069 CAPUT
924 2022 1049 2066 XVI.

210 2211 270 2255 Hi
311 2211 463 2254 iunctis
487 2210 615 2263 copiis
642 2208 791 2252 collem
820 2205 1138 2250 Philoboeotum
1167 2203 1305 2247 media
1332 2204 1374 2246 in
1403 2202 1593 2246 Eleatica

157 2282 284 2326 situm
312 2281 497 2335 planitie,
523 2294 652 2333 quam
679 2278 905 2332 Cephissus
935 2277 1091 2319 flumen
1122 2274 1305 2328 perfluit.
1320 2287 1589 2326 occupavere:

158 2353 354 2407 perpauci
400 2350 624 2395 admodum
661 2356 794 2401 erant,
823 2362 918 2391 cum
946 2346 1173 2390 secuudum
1204 2344 1478 2388 Plutarchum
1507 2358 1590 2387 non

158 2427 271 2468 ultra
316 2422 432 2466 mille
469 2422 720 2475 quingentos
759 2420 935 2471 equites,
977 2416 1137 2471 pedites
1179 2416 1316 2459 minus
1351 2414 1588 2467 quindecim

159 2494 276 2538 milia
302 2494 526 2536 efficerent.
580 2492 799 2545 Appianus
830 2490 878 2532 Β.
911 2488 965 2548 Μ.
994 2503 1028 2530 c.
1057 2490 1102 2530 41
1132 2486 1341 2530 refertam
1354 2500 1406 2528 ne
1422 2485 1587 2528 tertiam

158 2564 327 2619 quidem
356 2570 518 2618 partem
546 2562 727 2606 bostium
744 2574 943 2614 aequasse
970 2558 1126 2614 (0553,-
1139 2557 1367 2610 τριτομόρισν
1382 2556 1435 2598 τὰ
1451 2555 1588 2598 πάντα

160 2641 234 2680 τῶν
264 2632 498 2685 πολεμίων).
535 2633 643 2677 Cum
673 2638 814 2675 autem
844 2629 1010 2673 barbari
1041 2628 1188 2675 πάντες
1215 2627 1254 2674 ἐς
1279 2626 1453 2669 δυώδεκα
1481 2642 1590 2678 μυρι-

160 2707 264 2755 άδας
303 2707 446 2759 ἀνδρῶν
492 2718 667 2749 numero
708 2708 845 2747 essent
883 2707 1009 2754 atque
1036 2700 1091 2743 ab
1119 2698 1265 2742 eodem
1294 2697 1518 2741 doceamur
1549 2696 1588 2749 1)

214 2870 249 2915 l)
275 2868 318 2906 B.
344 2867 398 2905 Μ.
423 2881 455 2905 ο.
480 2868 536 2904 30.
