1988 3366
1081 308 1105 348 6

373 487 524 530 dieitur
563 489 612 530 P.
656 488 872 531 Cornelius
916 490 1097 532 Rufinus
1125 494 1293 543 praetor
1317 492 1401 544 ille,
1432 493 1503 544 qui
1531 492 1649 535 ludos
1676 494 1806 547 Apol-

372 560 525 602 linares
556 562 593 613 1)
621 561 801 602 instituit
828 576 864 602 a.
893 563 971 603 213
1000 577 1038 605 a.
1069 562 1114 604 O.
1146 563 1228 605 Hie
1260 563 1400 606 Sullae
1430 579 1608 617 proavus
1638 566 1729 620 fuit,
1759 572 1806 609 ut

373 630 450 672 hoe
482 635 660 672 stemma
684 632 820 674 docet:

429 702 478 744 P.
508 702 553 744 O.
581 703 762 745 Rufinus
792 704 911 746 Cons.
943 706 1032 746 290.
1062 708 1152 747 277.
1184 705 1293 747 Diet.
1324 708 1414 749 276.

426 773 475 815 Ρ.
506 773 770 828 (3.3111111118,
799 776 913 817 nullo
941 776 1192 827 magistratu
1219 777 1397 820 functus.

429 844 477 886 P.
508 845 554 886 C.
583 844 762 887 Rufinus
790 846 967 888 Praetor
995 848 1376 900 212‚0u1pr1mum
1398 863 1623 901 cognomen
1643 851 1802 904 Sullae3

370 916 481 957 idem
509 917 663 958 flamen
692 917 826 958 Dialis
856 922 999 969 captus
1029 923 1102 960 est.
1132 919 1174 971 2)

423 986 471 1027 P.
503 986 721 1029 Cornelius
752 988 868 1030 Sulla
897 989 1072 1030 Praetor
1103 991 1190 1031 185.

422 1057 472 1098 L
503 1057 548 1099 O.
579 1058 707 1111 Sulla,
738 1059 853 1100 nullo
883 1060 1134 1112 magistratu
1162 1061 1312 1103 clarus.

425 1127 474 1168 L.
505 1127 550 1169 O.
581 1128 697 1170 Sulla
725 1133 879 1170 noster.

424 1198 524 1241 Post
560 1199 763 1241 Rufinum
801 1180 1046 1243 dictatorem
1073 1203 1212 1256 igitur,
1238 1204 1334 1246 inde
1364 1219 1389 1246 a
1418 1205 1540 1247 tertio
1571 1207 1735 1248 saeculo
1763 1222 1800 1248 a.

373 1269 418 1311 O.
460 1284 582 1312 nemo
623 1272 832 1314 maiorum
860 1286 994 1324 neque
1023 1274 1260 1316 litteiarum
1289 1289 1424 1326 neque
1451 1276 1550 1318 belli
1578 1277 1703 1319 laude
1730 1292 1799 1319 ex·

370 1340 523 1394 celluit‚
552 1341 711 1384 familia
740 1357 866 1395 prope
893 1344 1100 1387 exstincta
1125 1346 1331 1388 maiorum
1360 1347 1531 1398 ignavia
1558 1349 1600 1399 3)
1628 1348 1800 1399 eiusque

370 1411 616 1453 claritudine
661 1412 896 1455 intermissa
924 1414 980 1466 4).
1035 1414 1131 1457 Non
1159 1416 1454 1468 longamvergo
1482 1418 1711 1470 imaginum
1739 1433 1800 1460 se-

369 1482 473 1523 riem
515 1495 651 1534 neque
691 1483 923 1536 triumphos
952 1489 1025 1527 aut
1052 1486 1204 1527 multos
1237 1487 1443 1530 maiorum
1471 1489 1710 1531 consulatus
1738 1503 1800 1532 os-

369 1557 530 1594 tentare
573 1557 736 1605 poterat
777 1555 910 1608 Sulla,
945 1569 1081 1606 neque
1118 1556 1273 1598 divitiis
1300 1558 1499 1616 pollebat,
1527 1572 1629 1611 quas
1656 1560 1800 1611 gloria,

369 1625 604 1677 imperium,
633 1626 820 1676 potentia
848 1626 1112 1676 sequebatur.
1143 1628 1193 1670 Οἱ
1220 1628 1262 1669 δὲ
1290 1635 1381 1679 μετ’
1409 1630 1542 1671 ἐκεῖνον
1558 1628 1801 1684 (Ῥουφῖνον)

368 1693 439 1743 ἤδη
479 1694 651 1737 wemma}
694 1695 935 1749 πράττοντες
987 1698 1224 1747 διετέλεσαν,
1261 1699 1377 1746 αὐτός
1405 1716 1450 1742 τε
1478 1701 1640 1747 Σύλλοις
1668 1701 1706 1742 ἐν
1737 1702 1801 1743 οὐκ

367 1765 545 1817 ἀφθόνοις
585 1765 739 1819 ἐτράφη
779 1772 857 1814 τοῖς
898 1768 1097 1822 πατρῴοις.
1151 1769 1217 1811 Ne
1259 1770 1428 1812 domum
1469 1771 1637 1822 quidem
1679 1786 1799 1814 suam

369 1836 550 1878 habebat
591 1841 633 1878 et
673 1837 716 1878 in
757 1837 961 1880 conducto
1001 1839 1220 1882 habitabat
1261 1855 1342 1882 non
1383 1856 1580 1893 magnam
1617 1842 1800 1894 pendens

370 1906 622 1958 pensionem,
651 1907 761 1958 quod
789 1908 834 1949 ei'
856 1914 1010 1960 postea,
1039 1911 1191 1962 quippe
1204 1911 1275 1961 qui
1291 1911 1485 1963 indignus
1500 1916 1617 1953 tanta
1629 1913 1798 1954 fortuna

370 1976 593 2030 videretur,
635 1979 934 2030 exprobratum
962 1984 1035 2022 est.
1091 1981 1193 2023 Post
1220 1981 1462 2024 Africanam
1490 1983 1601 2024 enim
1629 1984 1798 2036 expedi-

369 2048 525 2090 tionem
566 2049 632 2091 vir
665 2050 836 2100 quidam
862 2051 1016 2102 probus
1044 2051 1097 2092 ad
1127 2066 1224 2093 eum
1251 2052 1499 2103 gloriantem
1530 2057 1572 2095 et
1600 2067 1688 2096 sese
1710 2057 1797 2106 Jac-

370 2124 528 2160 tantem
556 2119 710 2162 dixisse
736 2121 891 2164 fertur:
948 2121 1056 2176 „Qui
1084 2128 1130 2164 tu
1157 2123 1308 2175 probus
1336 2138 1423 2165 esse
1451 2125 1591 2177 possis,
1611 2126 1796 2176 quicum

368 2193 486 2240 pater
514 2190 591 2232 tibi
617 2191 677 2232 nil
705 2192 931 2245 reliquerit,
960 2196 1097 2235 tantas
1124 2207 1221 2245 opes
1252 2194 1326 2234 tibi
1357 2196 1508 2245 parasti
1522 2195 1568 2236 ?⁷’
1598 2196 1728 2249 Nam,'
1750 2202 1796 2238 ut

369 2259 484 2302 addit
520 2260 784 2313 Plutarchus,
812 2263 911 2304 licet
937 2266 1036 2305 tunc
1066 2265 1261 2316 temporis
1289 2279 1430 2307 omnes
1458 2266 1635 2307 avaritia
1663 2272 1706 2308 et
1734 2267 1793 2308 lu-

367 2331 490 2372 xuria
530 2332 758 2386 invasisset,
787 2337 927 2375 tamen
956 2348 1088 2385 aeque
1117 2335 1303 2387 probrosi
1331 2335 1607 2390 habebantur,
1635 2337 1793 2388 qui-fa-

368 2402 542 2444 cultates
569 2418 664 2445 suas
690 2404 966 2455 profudissent
994 2420 1042 2447 ac
1070 2407 1142 2457 qui
1168 2409 1386 2458 paternam
1410 2412 1697 2467 paupertatem
1715 2423 1797 2451 non

366 2473 643 2515 retinuissent.
699 2475 781 2516 Sed
810 2489 891 2516 non
920 2476 1039 2517 facile
1068 2476 1106 2518 ei
1134 2476 1259 2518 fidem
1288 2477 1478 2529 habebit,
1506 2477 1577 2529 qui
1608 2478 1797 2521 Sallusti-

420 2667 452 2711 l)
503 2666 586 2701 Liv.
614 2666 745 2702 XXV.
774 2669 828 2702 12.

421 2731 454 2775 2)
506 2730 604 2766 Gell.
633 2732 665 2766 l.
694 2733 749 2767 12.

421 2796 455 2839 3)
506 2794 595 2830 Sall.
621 2795 664 2830 B.
689 2796 774 2843 Ing.
803 2798 858 2833 95.

418 2861 455 2905 4)
505 2860 606 2896 Vell.
633 2860 716 2896 Pat.
743 2861 797 2897 ΙΙ.
824 2862 878 2898 17.
