1988 3366
853 328 907 372 59

150 510 288 558 δέκα
324 511 587 567 xpm-rotrone.
653 513 881 567 Excipiens
921 514 1039 558 Sulla
1079 529 1179 559 eum
1221 516 1276 559 ad
1318 515 1596 570 proditionem

150 580 400 627 exhorbitns
440 587 507 625 est
547 607 600 613 —
635 585 696 627 ita
724 584 978 628 Plutarchus
1003 609 1057 616 -
1082 587 1401 640 praemiumque
1427 589 1590 641 regiam

149 650 403 708 dignitatem
443 658 487 697 et
525 654 756 698 amicitiam
783 657 925 709 populi
954 656 1137 700 Romani
1165 659 1393 713 proposuit,
1417 658 1454 702 si
1479 659 1588 703 elas·

150 737 240 768 nean
283 724 396 778 regis
435 724 518 768 sibi
565 725 815 769 tradidisset.
871 726 1014 770 Etiam
1058 727 1137 771 hoe
1177 742 1436 785 responsum,
1479 729 1590 783 quod

92 810 97 814 ·
149 794 330 839 suiotim
353 800 503 839 auctor
529 802 670 839 noster
696 797 838 850 refert,
866 799 1072 851 copiosius
1098 800 1154 843 ab
1181 800 1379 854 Appiano
1395 801 1592 851 traditur,

149 865 271 911 nine
294 865 380 910 hue
404 881 573 910 summa
599 868 737 911 redit:
764 869 941 922 Regem,
964 871 999 913 si
1028 871 1184 914 iniusta
1209 886 1355 925 passus
1381 877 1504 923 esset,
1533 873 1595 916 le-

32 929 39 934 *
76 975 78 978 ,
149 940 273 992 μω.
309 938 383 990 qui
425 937 479 981 de
518 938 682 981 iniuriis
725 945 1001 991 quererentur
1042 942 1209 985 mittere
1236 943 1481 996 oportuisse,
1508 958 1594 988 non

149 1020 254 1052 vero
295 1007 457 1051 anem
503 1012 636 1051 terras
681 1010 895 1062 invadere,
936 1025 1132 1064 magnam
1172 1012 1358 1056 virorum
1404 1014 1596 1057 multitu·

150 1075 294 1122 dinem
337 1078 548 1133 occidere,
591 1080 780 1132 publicas
830 1095 1050 1134 sacrasque
1091 1083 1288 1135 pecunias
1328 1083 1509 1136 diripere
1551 1089 1596 1127 et

150 1149 428 1204 poueoeiones
468 1151 653 1203 privatas
690 1152 1006 1195 interfectorum
1033 1167 1247 1206 usurpare.
1306 1154 1468 1198 Deinde
1498 1169 1589 1198 sae·

150 1218 299 1263 vitiam
340 1227 653 1274 commemorat,
693 1237 778 1274 qua
818 1224 861 1265 in
906 1237 1003 1266 suos
1030 1224 1128 1266 licet
1155 1224 1260 1267 nihil
1286 1224 1438 1268 hostile
1464 1239 1588 1268 ausos

150 1288 390 1344 odiumque,
429 1306 513 1344 quo
538 1293 582 1335 in
626 1293 827 1346 populum
870 1294 1109 1337 Romanum
1146 1301 1357 1342 grassatus
1383 1300 1459 1348 est,
1483 1310 1580 1339 cum

149 1359 355 1414 quidquid
396 1362 533 1406 Italici
574 1364 739 1416 generis
781 1363 999 1407 hominum
1041 1365 1083 1407 in
1122 1366 1226 1408 Asia
1254 1365 1346 1420 fuit,
1373 1380 1468 1409 eum
1495 1370 1586 1410 tota

150 1431 324 1484 nmilia,
364 1447 417 1476 ne
456 1434 663 1476 libertinis
703 1434 875 1487 quidem
918 1436 1118 1488 exceptis,
1158 1436 1271 1478 omni
1312 1437 1501 1479 cruciatu
1542 1441 1587 1480 et

150 1502 381 1556 ignominia
418 1501 633 1547 deleverit.
694 1505 805 1548 Tum
848 1519 970 1558 porro
1012 1507 1072 1548 ait
1110 1507 1148 1548 ei
1185 1521 1267 1549 non
1305 1512 1405 1550 ante
1433 1520 1596 1550 memo·

150 1573 259 1617 riam
301 1575 512 1618 amicitiae
559 1576 698 1628 populi
748 1576 927 1619 Romani
974 1577 1148 1619 subiisse
1194 1591 1322 1629 quam
1365 1582 1427 1620 tot
1467 1578 1586 1621 milia

154 1658 326 1688 unorum
363 1659 391 1688 a
430 1645 633 1688 Romanis
672 1661 792 1689 caesa
832 1647 999 1689 fuerint.
1055 1647 1183 1690 Haud
1225 1648 1415 1699 iniquum
1459 1648 1590 1699 igitur

153 1728 246 1758 ene
270 1729 369 1759 eum
398 1716 653 1769 implacabili
682 1716 778 1759 odio
805 1718 1014 1770 persequi:
1043 1732 1132 1760 sese
1159 1722 1302 1760 autem
1332 1717 1410 1760 hoc
1429 1717 1591 1760 Arche·

153 1785 223 1830 loo
262 1786 377 1840 dare,
419 1792 467 1829 ut
498 1788 661 1830 veniam
690 1803 716 1830 a
743 1789 895 1841 populo
922 1788 1115 1831 Romano
1142 1788 1350 1842 impetret,
1378 1788 1413 1831 si
1440 1802 1590 1831 revera

154 1857 228 1901 ille
253 1858 487 1911 resipiscat:
516 1859 578 1901 sin
610 1860 759 1912 minus,
786 1873 875 1901 sese
902 1859 1157 1902 Archelaum
1187 1859 1345 1902 hortari
1360 1865 1403 1901 et
1420 1873 1591 1902 monere

155 1942 211 1972 ne
251 1929 332 1973 sibi
375 1930 464 1983 ipse
491 1930 610 1982 desit,
641 1934 687 1973 ut
713 1944 872 1973 memor
900 1931 953 1973 sit
979 1930 1186 1982 quomodo
1215 1930 1285 1973 ille
1313 1944 1408 1973 suos
1434 1931 1592 1973 amicos

155 2007 407 2052 remuneret,
446 2001 627 2045 Romani
665 2008 811 2045 contra
837 2016 881 2044 se
908 2016 1008 2055 erga
1039 2001 1273 2044 Eumenem
1302 2007 1344 2043 et
1375 2001 1586 2044 Massinis-

154 2078 247 2115 καί
284 2072 501 2125 gesserint.
558 2072 791 2115 Archelaus
830 2081 986 2123 autem,
1014 2072 1150 2114 adhuc
1180 2072 1385 2123 loquentis
1412 2071 1592 2123 abrupta

155 2142 373 2185 oratione:
403 2142 717 2195 „Proditorem”
748 2143 894 2195 inquit,
928 2143 1082 2195 „Sulla,
1100 2142 1353 2184 Archelaum
1373 2155 1453 2183 non
1469 2140 1595 2183 habe·

102 2230 115 2242 ·
159 2213 266 2269 ,bist
293 2214 476 2256 amicum
507 2214 678 2257 habebis
719 2216 752 2256 si
781 2215 937 2266 aequis
968 2214 1130 2265 legibus
1159 2227 1300 2265 paceni
1318 2226 1413 2254 cum
1430 2210 1594 2254 Mithri-

158 2285 280 2340 „date
307 2286 492 2329 feceris.'‘
523 2286 585 2329 Eo
613 2287 756 2338 itaque
782 2301 809 2327 a
839 2285 1070 2337 proditione
1097 2284 1363 2336 abhorrente,
1393 2282 1510 2326 Sulla
1527 2281 1593 2325 his

157 2356 296 2400 verbis
326 2371 423 2399 usus
451 2370 541 2399 esse
567 2371 594 2398 a
624 2357 849 2399 Plutarcho
879 2356 1077 2398 traditur:
1115 2355 1290 2407 „Quid’'‚
1324 2354 1592 2405 inquit.,Ar·

159 2426 342 2483 „chelae‚
369 2432 416 2470 tu
442 2428 513 2480 qui
547 2427 774 2481 Cappadox
804 2442 848 2469 es
876 2435 918 2470 et
947 2428 1055 2479 rogis
1087 2426 1251 2468 barbari
1281 2438 1426 2467 servus
1452 2423 1587 2476 augei

161 2499 334 2554 ‚movim
373 2499 545 2553 amicus,
588 2500 714 2542 tantis
743 2499 935 2551 praemiis
965 2506 1084 2551 turpo
1113 2497 1340 2550 quidquam
1368 2495 1591 2538 admittere

160 2584 361 2626 „recum
387 2570 516 2624 Apud
544 2584 612 2613 me
640 2584 752 2621 vero,
786 2571 1077 2621 imperatorem
1112 2569 1346 2611 Romanum
1366 2572 1408 2608 ct
1423 2565 1597 2615 Sullam,

160 2640 237 2695 ,de
282 2640 513 2694 proditione
556 2641 685 2684 verba
713 2642 848 2683 facere
877 2639 1040 2682 audes?
1068 2640 1186 2691 qumi
1221 2653 1299 2680 non
1333 2638 1401 2679 illo
1431 2637 1485 2678 sis
1516 2636 1596 2678 Ar-

159 2711 371 2767 „chelaua
410 2712 483 2764 qui
524 2711 769 2755 Chaeronea
797 2726 891 2753 eum
920 2710 1064 2763 paucis
1091 2723 1144 2751 ex
1173 2715 1340 2751 centum
1371 2714 1414 2749 ct
1445 2705 1590 2757 viginti

161 2782 353 2838 ,milibus
379 2788 635 2825 armatorum
664 2782 804 2835 fugisti
836 2790 959 2832 teque
987 2795 1060 2833 per
1089 2778 1272 2822 triduum
1303 2778 1344 2821 in
1366 2777 1596 2821 Orchome-

160 2854 349 2909 ¹,nicrum
391 2852 612 2907 paludibus
652 2851 959 2904 abscondidisti,
1002 2851 1174 2893 Boeotia
1203 2864 1300 2903 prae
1323 2840 1597 2894 multitudine
