1988 3366
1078 352 1154 393 102

399 540 636 583 consulibus
663 541 856 591 praeerat
885 536 976 591 (ἐπὶ
1004 542 1080 583 τοῖς
1109 535 1273 583 ὑπάτοις
1302 532 1382 589 ἦν).
1434 535 1571 577 Immo
1601 549 1709 577 anno
1741 538 1830 587 post

397 612 483 664 (80)
514 611 568 652 ad
596 607 966 661 representandam
995 608 1178 658 aliquam
1208 606 1460 658 reipublicae
1480 606 1657 647 formam
1675 605 1829 647 iterum

384 683 542 725 consul
588 681 679 723 fieri
723 680 931 730 sustinuit,
959 679 1113 730 collega
1146 678 1316 719 Metello
1346 677 1434 719 Pio.
1480 677 1680 718 Proximo
1720 690 1831 718 anno

399 754 500 806 (79),
554 767 650 795 cum
692 752 731 793 ei
770 751 946 803 populus
986 764 1060 802 por
1100 749 1384 791 adulationem
1438 747 1573 790 denuo
1619 747 1830 789 consulem

397 825 664 876 designasset,
704 823 792 873 ipse
833 821 1040 863 recusavit
1082 825 1124 862 et
1164 824 1384 872 postquam
1430 818 1477 859 P.
1522 818 1745 860 Servilium
1789 821 1832 859 et

399 896 584 947 Appium
628 893 851 935 Claudium
900 891 1086 933 consules
1127 891 1283 932 creavit
1326 889 1364 942 1)
1404 890 1523 941 initio
1564 888 1687 930 huius
1734 887 1834 930 anni

399 970 544 1018 sponte
585 965 751 1006 nemine
787 962 1079 1014 interpellante
1119 975 1161 1003 se
1190 961 1396 1003 dictatura
1424 959 1646 1002 abdicavit.
1712 959 1830 1008 Quae

399 1051 466 1078 res
490 1050 656 1087 prorsus
684 1035 898 1086 inopinata
928 1032 1089 1084 accidit,
1132 1032 1364 1074 certissima
1395 1045 1492 1073 vero
1523 1031 1629 1073 ratio
1656 1029 1761 1072 mihi
1788 1029 1832 1071 in

399 1107 477 1148 hoc
505 1120 592 1148 esse
623 1106 808 1146 videtur:
839 1102 975 1146 Ἀλλά
1003 1119 1067 1154 μοι
1095 1103 1202 1144 δοκεῖ
1222 1102 1322 1155 κόρον
1354 1118 1398 1144 τε
1428 1100 1609 1153 πολέμων
1637 1117 1703 1144 και
1729 1100 1831 1155 κόρον

398 1179 524 1230 ἀρχῆς
552 1176 731 1229 κκῖκόρον
747 1174 885 1222 ἄστεος
904 1174 1041 1226 λαβὼν
1057 1172 1126 1215 ἐπὶ
1151 1173 1255 1215 τέλει
1269 1172 1335 1215 καὶ
1349 1172 1546 1226 ἀγροικίαις
1561 1173 1759 1225 ἔροιο-θῆναι
1776 1172 1832 1223 2).

453 1247 695 1289 Incredibili
751 1246 945 1298 superbia
1001 1250 1166 1287 tumens
1218 1245 1278 1286 ita
1327 1248 1477 1286 cuncta
1521 1243 1663 1285 divina
1705 1248 1830 1295 atque

399 1320 584 1361 humana
626 1317 884 1369 contemptui
915 1316 1071 1368 habuit,
1105 1320 1151 1357 ut
1181 1329 1232 1357 ne
1261 1329 1423 1357 summa
1453 1314 1622 1366 quidem
1650 1319 1833 1368 potestas

398 1404 495 1431 eum
525 1389 701 1440 amplius
729 1401 876 1439 capere
921 1398 962 1428 et
1005 1400 1265 1428 commovere
1293 1390 1454 1438 posset:
1486 1385 1635 1428 deinde
1663 1401 1758 1429 cum
1788 1387 1830 1429 in

399 1460 613 1512 republica
643 1458 915 1510 gubernanda
943 1458 1135 1499 altiorem
1177 1457 1391 1509 dignitatis
1427 1456 1606 1508 gradum
1635 1458 1832 1509 consequi

399 1545 480 1572 non
509 1534 658 1582 posset,
674 1530 791 1581 quasi
807 1529 957 1570 satiata
971 1528 1196 1570 insatiabili
1211 1529 1299 1569 eius
1316 1527 1555 1581 ambitione,
1574 1528 1832 1580 voluptatem

397 1596 706 1651 libidinemque
728 1599 983 1651 reipublicae
1012 1598 1290 1640 sollicitudine
1319 1599 1522 1651 potiorem
1549 1598 1710 1641 habuit.

452 1672 538 1714 Ubi
568 1686 640 1723 pro
669 1672 860 1713 contione
889 1670 996 1711 dixit
1023 1684 1078 1722 se,
1110 1670 1143 1711 si
1172 1670 1264 1720 quis
1294 1669 1431 1721 vellet,
1457 1670 1662 1712 rationem
1691 1685 1833 1713 rerum

398 1748 609 1795 gestarum
640 1741 913 1794 redditurum,
945 1741 1099 1782 vitibus
1128 1744 1169 1782 et
1183 1740 1396 1782 securibus
1412 1740 1584 1792 direptis
1600 1742 1830 1784 custodiam

401 1829 425 1854 a
454 1827 624 1864 corpore
661 1812 816 1853 dimisit
844 1820 886 1852 et
916 1826 1011 1853 cum
1047 1811 1190 1852 amicis
1230 1811 1271 1852 in
1320 1811 1482 1862 publico
1532 1811 1849 1865 deambulavit,-

401 1885 578 1926 attonito
619 1884 770 1935 populo
815 1887 857 1924 et
902 1897 997 1923 eum
1036 1883 1162 1924 etiam
1190 1887 1280 1924 tum
1312 1883 1431 1924 valde
1452 1884 1637 1926 timente.
1668 1884 1832 1927 Deinde

404 1955 573 1996 domum
602 1953 830 2005 repetebat.
872 1952 993 1994 Unus
1023 1952 1143 1994 niodo
1171 1953 1413 1995 adulescens
1447 1968 1543 1995 eum
1570 1954 1834 1997 recedentem

400 2028 590 2068 incusare
620 2030 661 2067 et
706 2025 900 2066 conviciis
929 2024 1191 2076 proscindere
1231 2039 1357 2066 ausus
1399 2030 1471 2076 est,
1515 2025 1568 2066 ad
1610 2040 1716 2077 quae
1761 2027 1833 2068 ille

402 2098 536 2139 solum
564 2097 642 2139 hoc
670 2097 799 2138 dixit:
851 2096 958 2150 „Hic
988 2096 1229 2138 adulescens
1259 2095 1420 2149 efficiet,
1450 2110 1501 2138 ne
1530 2097 1623 2147 quis
1662 2097 1833 2149 posthac

405 2169 556 2221 „talem
586 2169 876 2219 magistratum
904 2167 1121 2218 deponat.’'
1152 2166 1193 2218 3)
1285 2156 1290 2161 ⁵

457 2239 653 2280 Privatus
694 2252 814 2289 porro
857 2242 1093 2279 extremum
1134 2237 1245 2279 vitae
1273 2241 1437 2288 tempus
1466 2237 1509 2278 in
1541 2238 1720 2289 praediis
1748 2239 1834 2280 suis

403 2323 530 2360 prope
567 2308 722 2350 Cumas
749 2308 875 2361 degit,
904 2309 977 2350 ubi
1018 2307 1312 2360 piscationibus
1357 2311 1398 2348 et
1428 2309 1728 2359 venationibus,
1758 2323 1834 2352 nec

401 2394 480 2420 nou
511 2380 818 2421 commentariis
847 2379 1078 2420 scribundis
1117 2381 1291 2420 vacavit.

458 2451 508 2491 In
551 2455 740 2492 extremo
777 2450 854 2491 hoc
882 2451 1015 2501 capite
1044 2454 1238 2491 narratur
1269 2449 1324 2491 M.
1354 2450 1585 2492 Aemilium
1614 2451 1834 2505 Lepidum,

402 2522 540 2562 virum
568 2522 765 2563 Sullanae
791 2521 961 2562 factioni
983 2521 1280 2572 adversarium,
1296 2521 1365 2571 qui
1385 2521 1465 2562 fuit
1480 2522 1686 2564 triumviri
1702 2528 1832 2575 pater,

406 2607 478 2644 pcr
532 2593 792 2646 Pompeium,
850 2593 967 2634 Sulla
1011 2599 1272 2644 repugnante
1313 2594 1524 2635 consulem
1571 2578 1833 2648 designatum

481 2788 491 2829 )
518 2785 625 2821 Oros.
651 2786 698 2821 V.
725 2788 781 2822 20.

481 2853 491 2896 )
517 2851 617 2898 App.
644 2852 668 2887 l.
695 2852 721 2888 l.

479 2918 490 2962 )
517 2917 614 2963 App.
641 2917 684 2952 B.
712 2917 751 2952 O.
777 2917 810 2952 I.
841 2919 919 2954 104.

456 2788 478 2950 ὒῧίὓμ
