1988 3366
1022 318 1074 359 86

273 546 276 549 Δ
335 502 463 543 riores
491 514 578 542 esse
607 504 832 552 coeperunt
863 504 905 542 et
935 515 1006 552 per
1028 504 1161 542 totam
1176 505 1339 547 noctem
1356 502 1512 554 proelio
1527 503 1770 545 continuato

335 572 516 614 hostium
558 571 702 612 castris
746 571 865 622 potiti
893 576 1003 613 sunt.
1059 572 1215 624 Magna
1244 577 1342 614 tunc
1370 572 1483 615 edita
1511 577 1572 616 est
1598 578 1772 627 strages,

334 643 539 694 imprimis
583 642 692 683 inter
737 634 957 685 Samnites,
987 656 1083 684 cum
1111 643 1338 694 imperator
1368 643 1578 695 edixisset,
1604 658 1657 686 ne
1680 645 1773 696 quis

338 714 502 756 Samnis
526 714 645 754 vivus
661 717 894 764 caperetur.
951 713 1002 754 In
1021 714 1248 755 occisorum
1264 728 1438 756 numero
1452 714 1531 756 fuit
1545 714 1772 769 Telesinus,

337 784 407 835 qui
422 789 585 836 postera
599 783 665 825 die
679 784 933 826 semianimis
950 789 1140 836 repertus
1166 789 1228 826 est
1248 788 1287 834 1)
1310 785 1476 827 victoris
1493 785 1627 837 magis
1644 799 1773 837 quam

339 855 551 896 morientis
579 854 744 896 vultum
772 855 1022 906 praeferens.
1079 855 1346 907 Lamponius,
1367 849 1561 904 Marcius,
1580 855 1774 899 Carrinas

337 930 379 966 et
406 925 477 966 alii
505 939 593 966 sese
621 925 744 977 fugae
773 925 1092 967 mandaverunt.
1123 926 1381 978 Intempesta
1410 923 1631 969 iam'nocte'
1645 927 1774 978 legati

338 1010 363 1037 a
417 995 563 1037 Crasso
611 996 725 1037 missi
791 996 834 1037 in
891 995 1031 1037 Sullae
1087 1000 1222 1038 castra
1277 1001 1567 1050 pervenerant,
1594 1026 1598 1028 -
1623 997 1695 1048 qui
1735 997 1774 1039 ei

340 1066 632 1119 militibusque
687 1067 775 1107 eius
833 1080 1005 1108 coenam
1063 1071 1264 1119 peterent.
1322 1068 1455 1109 Fusos
1482 1068 1594 1110 enim
1635 1067 1774 1110 hostes
1838 1060 1847 1066 ²

339 1137 595 1178 Antemnam
664 1151 793 1188 usque
840 1141 1086 1189 persecutus
1128 1143 1265 1179 castra
1307 1138 1367 1180 ibi
1410 1142 1619 1190 posuerat.
1689 1138 1775 1181 Sub

340 1207 475 1248 lucem
519 1208 648 1259 igitur
691 1207 808 1249 Sulla
868 1221 916 1249 eo
972 1208 1183 1250 contendit
1238 1213 1281 1250 et
1336 1209 1540 1261 proelium
1597 1208 1777 1251 redinte-

341 1278 497 1329 gravit:
543 1293 637 1320 cum
679 1278 736 1320 ibi
779 1278 859 1320 tria
901 1283 1158 1320 armatorum
1187 1279 1303 1321 milia
1330 1280 1489 1332 legatos
1515 1280 1569 1322 ad
1599 1294 1695 1323 eum
1725 1280 1777 1323 de

341 1363 442 1401 pace
458 1349 674 1398 misissent,
705 1350 763 1391 eis
792 1350 1051 1401 impunitatis
1078 1365 1192 1402 spem
1224 1350 1350 1404 dedit,
1379 1351 1414 1393 si
1443 1352 1617 1393 caeteris
1645 1351 1772 1394 hosti-

343 1420 419 1461 bus
459 1420 642 1470 aliquam
682 1419 844 1461 cladem
884 1421 1133 1462 intulissent.
1190 1420 1272 1469 Qui
1308 1422 1487 1473 reliquos
1515 1422 1650 1463 adorti
1678 1426 1775 1464 sunt

343 1492 403 1533 ita
431 1496 478 1532 ut
508 1491 714 1533 Samnites
743 1506 831 1533 sese
875 1497 1021 1533 mutuo
1051 1492 1311 1534 conficerent.
1366 1493 1648 1535 Nihilominus
1677 1497 1719 1535 et
1734 1493 1776 1535 hi

345 1566 387 1603 et
428 1566 630 1612 quotquot
671 1576 726 1603 ex
769 1562 861 1604 aliis
903 1563 1144 1614 superstites
1187 1567 1307 1604 erant
1336 1563 1446 1615 capti
1474 1564 1518 1605 in
1546 1563 1773 1605 custodiam

346 1633 489 1674 traditi
515 1638 622 1674 sunt.
678 1634 890 1676 Numerus
917 1634 1126 1685 utrimque
1154 1635 1382 1676 occisorum
1406 1634 1459 1676 ad
1474 1635 1779 1688 quinquaginta

346 1705 462 1745 milia
505 1704 777 1745 aestimatur:
807 1704 849 1757 2)
907 1704 1080 1746 Orosius
1097 1704 1150 1747 V.
1180 1706 1227 1746 21
1255 1705 1467 1757 octaginta
1494 1705 1611 1748 milia
1638 1705 1778 1748 habet.

401 1775 619 1827 Marcium,
657 1774 918 1817 Carrinatem
948 1780 990 1817 et
1020 1776 1321 1828 Damasippum
1349 1776 1393 1818 in
1421 1776 1519 1828 fuga
1550 1781 1691 1829 captos
1717 1777 1780 1818 iu-

348 1847 484 1898 gulari
523 1846 652 1898 iussit,
694 1859 871 1897 quorum
915 1847 1052 1898 capita
1094 1846 1147 1888 ad
1170 1846 1414 1889 Lucretium
1445 1847 1569 1889 missa
1597 1851 1706 1901 sunt,
1735 1852 1782 1890 ut

350 1919 459 1960 circa
489 1917 725 1959 Praenestis
755 1919 920 1959 moenia
946 1923 1222 1970 gestarentur.

403 1989 599 2040 Captivos
626 1994 768 2030 autem
796 2003 920 2041 supra
948 1993 1039 2031 octo
1069 1989 1185 2031 milia
1212 1989 1283 2041 3)?
1311 2002 1490 2040 quorum
1518 2003 1672 2041 magna
1687 2004 1783 2042 pars

350 2060 569 2111 Samnites,
593 2060 632 2102 in
665 2060 809 2102 villam
837 2060 1046 2112 publicam
1071 2060 1111 2102 in
1130 2060 1288 2111 Campo
1305 2060 1458 2101 Martio
1475 2060 1635 2112 ingredi
1652 2061 1782 2115 iussit,

350 2135 564 2181 tamquam
599 2145 668 2172 eos
696 2131 849 2172 milites
876 2131 1196 2183 conscripturus.
1225 2133 1269 2181 4)
1293 2146 1299 2151 ’
1324 2131 1486 2173 Deinde
1515 2145 1658 2174 omnes
1686 2146 1778 2174 cru-

352 2201 499 2243 deliter
536 2201 774 2244 trucidavit.
831 2202 882 2243 In
911 2216 1084 2244 numero
1114 2217 1257 2244 eorum
1287 2200 1520 2244 definiendo
1548 2203 1672 2246 nimis
1701 2204 1783 2246 dis-

351 2277 522 2324 crepant
576 2277 778 2315 auctores.
854 2272 1092 2314 Secundum
1147 2273 1401 2325 Appianum,
1459 2287 1639 2324 quocum
1696 2274 1783 2317 fere

351 2344 555 2385 consentit
584 2343 731 2385 Livius
759 2343 836 2395 Ep.
865 2346 929 2396 88,
959 2358 1083 2395 supra
1111 2348 1202 2385 octo
1232 2344 1347 2385 milia
1368 2344 1783 2387 fuerunttaliialium

351 2427 573 2455 numerum
601 2418 769 2465 ponunt.
799 2414 959 2455 Auctor
990 2425 1129 2455 noster
1158 2428 1245 2466 sex,
1277 2413 1447 2456 Orosius
1473 2414 1499 2455 1.
1525 2415 1550 2455 l.
1573 2414 1784 2468 undecim,

351 2484 577 2536 Eutropius
608 2484 677 2534 (V.
704 2486 741 2527 8.
770 2486 826 2535 5.)
855 2484 1074 2526 duodecim
1088 2484 1206 2526 milia
1221 2484 1361 2537 habet,
1379 2484 1531 2527 Strabo
1550 2485 1618 2533 (V)
1632 2485 1687 2527 ad
1704 2486 1785 2527 tria

401 2679 437 2722 1)
464 2677 567 2713 Vell.
592 2677 677 2713 Pat.
704 2677 759 2713 II.
785 2677 842 2713 27.

401 2744 435 2786 2)
462 2742 560 2788 App.
587 2742 611 2777 l.
638 2742 664 2777 l.

402 2807 436 2850 3)
463 2807 561 2852 App.
587 2806 610 2841 l.
638 2806 662 2842 l.

402 2873 436 2917 4)
463 2871 537 2907 'Dio
565 2871 667 2907 Cass.
693 2871 843 2919 Fragm.
870 2871 970 2908 Peir.
999 2873 1080 2909 175.
