1988 3366
838 359 915 403 105

166 539 286 588 lectis
326 548 484 598 potans,
527 557 661 596 neque
702 542 990 587 dissimulabat
1031 556 1219 587 amorem
1260 556 1356 586 cum
1397 542 1604 587 Metrobio

165 613 343 668 lysiodo‚
382 614 550 658 homine
590 614 787 658 obsoleto.
856 613 973 667 Inde,
1023 619 1071 657 ut
1116 612 1369 657 Plutarchus
1395 613 1604 667 opinatur,

94 692 97 695 ’
166 682 359 729 morbum
399 685 516 739 oluit,
556 699 638 738 quo
677 699 777 727 mox
817 684 1006 727 sublatus
1047 688 1123 739 est,
1175 683 1451 738 phthiriasim,
1477 698 1604 736 quem

163 755 449 801 foedissimum
478 755 671 799 morbum
699 755 849 799 deinde
876 755 1084 799 describit.
1127 754 1247 798 Alios
1271 768 1437 808 quoque
1470 754 1603 799 nomi-

164 821 300 873 natim
340 826 498 871 indicat
538 827 610 880 qui
652 826 798 870 eodem
841 826 962 870 modo
1003 826 1226 870 decessisse
1254 825 1463 870 dicuntur.
1519 825 1604 870 Sed

158 894 422 943 ‘Plutarchus
461 897 529 941 hic
570 898 685 941 nulla
727 898 810 941 fide
850 897 1000 951 dignus
1027 903 1090 941 est
1113 912 1123 940 ε
1152 911 1251 940 nam
1280 911 1383 950 quos
1411 898 1600 941 nominat

166 969 236 1014 vel
273 968 330 1013 ad
367 974 550 1012 aetatem
588 968 820 1012 fabulosam
848 970 1058 1022 pertinent
1086 968 1203 1012 velut
1230 969 1423 1021 Acastus,
1456 968 1602 1012 Peliae

134 1032 137 1034 ¹
166 1040 293 1095 filius,
320 1040 387 1084 vel
414 1040 466 1083 de
495 1041 583 1083 vita
610 1054 755 1083 eorum
783 1040 841 1083 nil
868 1047 942 1082 aut
969 1054 1118 1093 parum
1135 1044 1298 1083 constat
1313 1044 1359 1082 ut
1373 1039 1603 1093 Alcmanis,

91 1143 94 1146 «
166 1116 315 1169 poetae
354 1112 473 1165 lyrici
502 1116 545 1154 et
575 1111 701 1155 Mucii
729 1110 942 1154 cuiusdam
971 1111 1251 1154 iurisconsulti
1279 1111 1346 1153 vel
1373 1110 1426 1154 de
1454 1124 1600 1155 eorum

165 1179 287 1227 exitu
311 1181 385 1226 alii
411 1183 497 1225 alia
525 1181 801 1234 tradiderunt,
832 1181 1119 1234 Pherecydem
1148 1180 1435 1235 philosophum
1456 1181 1548 1224 dico
1561 1185 1605 1224 et

172 1253 484 1298 Callisthenem.
523 1252 760 1296 Aristotelis
807 1252 1053 1304 discipulum
1097 1256 1140 1295 et
1181 1251 1415 1295 Alexandri
1458 1251 1603 1304 Magni

169 1326 380 1379 comitem,
422 1325 489 1367 vel
530 1338 655 1367 nemo
696 1327 861 1377 praeter
900 1327 1112 1366 auctorem
1151 1327 1338 1366 nostrum
1378 1323 1449 1375 qui
1482 1323 1604 1365 nimis

169 1401 328 1442 temere
368 1395 568 1440 eiusmodi
610 1395 934 1438 narratiunculis
962 1394 1087 1438 fidem
1126 1394 1266 1447 habet,
1293 1394 1520 1447 quidquam
1551 1393 1604 1437 dc

170 1480 225 1511 ea
249 1481 299 1512 re
325 1467 552 1511 memoriae
579 1465 771 1520 prodidit.
799 1466 901 1515 Quis
931 1465 1060 1518 igitur
1073 1465 1161 1508 eius
1175 1464 1339 1516 λέγετκι
1352 1464 1603 1507 crediderit?

167 1537 311 1583 Etiam
351 1537 493 1582 Sullae
537 1536 816 1591 redicularem
860 1535 1049 1578 morbum
1090 1535 1143 1577 od
1183 1534 1370 1578 fabulosa
1396 1535 1470 1577 illa
1499 1534 1603 1577 refe·

20 1600 22 1603 ’
76 1666 82 1670 .
167 1608 346 1653 rendum
388 1621 477 1652 esse
516 1621 663 1651 censeo
706 1608 758 1660 1),
798 1621 918 1659 quae,
963 1621 1058 1649 cum
1099 1606 1183 1649 iam
1225 1606 1381 1648 inimici
1427 1618 1499 1648 ore
1526 1604 1599 1647 diu

170 1678 381 1727 obturato,
430 1679 473 1721 in
517 1678 762 1721 dictatorem
802 1681 1011 1719 mortuum
1053 1689 1219 1719 omnem
1259 1675 1364 1718 ira-n
1404 1689 1598 1717 evomere

170 1749 386 1799 auderent,
436 1750 480 1792 in
521 1748 670 1801 vulgus
711 1752 937 1800 pervagata
976 1761 1026 1789 eo
1068 1747 1200 1799 magis
1244 1745 1434 1788 credulas
1475 1758 1599 1788 aures

171 1821 437 1872 invenerunt,
478 1819 577 1872 quia
617 1832 746 1871 usque
786 1817 839 1860 ad
878 1822 1113 1860 extremam
1158 1820 1339 1859 aetatem
1368 1820 1531 1868 turpem
1559 1820 1604 1858 et

173 1889 423 1935 obscoenam
455 1890 583 1932 vitam
612 1888 809 1942 perduxit
835 1888 890 1940 2).

223 1961 334 2013 Quid
361 1962 503 2004 enim?
532 1960 733 2013 Neglecto
759 1957 868 2011 quod
899 1957 1007 2001 inter
1022 1956 1202 2000 medicos
1215 1962 1405 1999 constare
1424 1955 1601 2008 videtur,

169 2031 282 2082 hunc
309 2031 501 2075 morbum
526 2045 671 2074 revera
686 2043 914 2081 numquam
930 2027 1151 2081 exstitisse,
1165 2029 1207 2077 3)
1222 2026 1276 2069 ob
1290 2026 1393 2069 alias
1422 2026 1603 2070 rationes

170 2116 237 2147 res
274 2107 339 2147 est
377 2101 600 2146 reicienda.
656 2100 806 2143 Nullus
846 2099 961 2141 enim
1002 2098 1188 2151 scriptor,
1229 2096 1370 2140 Sullae
1414 2096 1600 2149 aequalis

170 2188 264 2218 eam
309 2174 556 2217 memoravit
581 2177 624 2216 et
652 2170 854 2225 imprimis
881 2176 956 2222 est,
985 2169 1094 2222 quod
1123 2169 1322 2211 miremur
1348 2167 1592 2211 Ciceronem

168 2245 381 2289 silentium
421 2244 623 2288 obtinere.
681 2242 841 2286 Deinde
882 2241 973 2293 quis
1014 2240 1156 2283 credat
1199 2239 1333 2281 virum
1375 2238 1493 2281 illum
1522 2238 1594 2291 qui

129 2312 138 2318 ’
171 2322 276 2360 teste
305 2315 534 2359 Plutarcho
562 2313 757 2367 usquead
782 2318 958 2355 mortem
975 2311 1150 2363 publicis
1169 2309 1599 2362 negotiisinterfumit,

169 2392 241 2441 qui
286 2386 412 2431 biduo
450 2392 548 2431 ante
575 2400 701 2439 quam
733 2384 906 2427 decessit
934 2382 1240 2425 commentariis
1276 2379 1507 2423 scribundis
1535 2381 1597 2424 in-

220 2588 256 2633 1)
279 2585 466 2623 Zacharia
505 2583 547 2622 L.
584 2584 624 2621 C.
663 2582 771 2619 Sulla
808 2585 974 2627 gonsnnt
1011 2580 1079 2616 der
1116 2578 1341 2616 Gliicklichc
1367 2577 1423 2616 als
1448 2577 1599 2617 Ordnor

170 2633 238 2672 des
263 2633 373 2671 Rom.
400 2632 637 2670 Freistaates
661 2630 869 2676 dsrgostelt
894 2629 928 2666 l.
944 2641 987 2676 ⁵p.
1021 2629 1095 2663 162².

218 2700 257 2746 2)
280 2698 431 2736 Caeteri
467 2697 680 2746 scriptores.
722 2695 908 2739 Diogenes
940 2692 1126 2733 Laenius.
1153 2691 1246 2727 Aur.
1275 2690 1419 2728 Victor.
1443 2690 1593 2733 suidas.

171 2746 348 2789 Photius,
373 2746 421 2792 Q.
446 2746 612 2782 Serenus
636 2743 857 2779 Samonicus
873 2740 974 2778 I’lut.
988 2738 1254 2776 auctoritatem
1270 2737 1390 2774 secuti
1406 2737 1593 2776 videntur.

219 2812 256 2857 3)
282 2811 460 2849 Momms.
486 2810 596 2847 Rem.
622 2807 759 2844 (je-ch.
786 2807 824 2843 11
852 2807 931 2842 382.
984 2804 1054 2841 Ein
1082 2803 1279 2858 Blutsturz
1306 2802 1414 2864 rall'to
1432 2802 1495 2841 ihu
1512 2802 1596 2840 hin·

172 2871 268 2946 3352?
282 2858 411 2944 ,ἒιίἒὲἑ
435 2849 1480 2943 ἓξηῖἒὲῗέἶῖῗῑῐ,’ἁσέ“ἰίξῖἳι“ἰ..’ἷὶ,“’ἓῖῗῖἰῖ,ἑ”“““·
1507 2850 1595 2890 ‘¹⁸⁸⁸
