1988 3366
863 319 919 361 85

171 500 253 557 ‚ad
278 501 439 556 patriae
452 506 594 556 portas
607 503 796 559 proicies,
807 507 856 546 ut
869 502 1105 546 foedissime
1118 516 1215 546 cum
1228 501 1391 546 civibus
1406 507 1568 556 pereat.
1557 502 1607 534 ⁹’'

169 572 298 622 Ham..
342 577 390 616 ut
431 572 529 616 Val.
570 573 686 617 Max.
714 573 750 616 1.
779 575 819 617 2.
845 575 872 617 3
899 574 1041 628 refert,
1065 574 1231 627 quoties
1257 573 1462 627 proelium
1489 588 1602 618 com·

169 643 340 688 me
369 643 620 694 destinabat,
650 658 827 698 parvum
854 632 1065 698 Apollinis
1091 646 1259 698 signum
1280 644 1456 697 Delphis
1470 645 1612 688 subla·

170 718 263 759 tun
302 715 345 759 iu
387 720 615 769 conspectu
656 716 839 759 militum
881 715 1102 769 amplexus
1128 716 1292 765 orabat,
1319 716 1382 759 uti
1410 717 1612 769 promissa

168 791 414 832 mutaret.
466 786 760 839 Impudentem
788 787 1100 830 simulatorem!
1155 786 1248 829 Iam
1276 785 1374 829 iude
1401 800 1468 830 res
1497 786 1614 830 frau-

170 856 268 901 dem
295 857 521 911 dolumque
547 857 720 911 redolet,
747 857 858 911 quod
884 871 1025 901 eoram
1052 858 1256 901 militibus
1282 856 1424 901 flebat.
1453 859 1494 911 l)

225 927 390 973 Deinde
432 929 492 972 nil
530 928 785 972 intentatum
826 929 995 981 reliquit
1036 928 1090 971 ad
1117 928 1313 972 cedentes
1341 928 1612 972 retinendos:

171 999 279 1044 alio·
304 999 526 1044 obsecrare
565 1000 862 1052 obtestarique,
903 999 997 1042 aliis
1035 999 1200 1052 minari,
1226 999 1330 1042 alios
1359 1013 1489 1042 mauu
1519 1014 1608 1053 pre·

101 1059 114 1067 ’
171 1069 378 1115 bendere:
405 1071 466 1114 nil
496 1070 751 1124 proficiebat.
781 1071 832 1113 In
856 1070 1106 1123 fugientium
1124 1070 1614 1115 multitudineadcastra

172 1147 394 1196 proreptus
432 1145 509 1194 est,
558 1140 702 1184 multis
730 1141 875 1183 amicis
900 1140 1261 1193 familiaribusque
1287 1141 1462 1184 amissis.
1516 1141 1613 1185 Non

174 1210 297 1266 pauci
338 1224 485 1255 eorum
525 1212 598 1264 qui
625 1210 839 1264 spectandi
867 1224 993 1253 causa
1020 1211 1224 1264 progressi
1252 1216 1373 1254 eraut
1400 1211 1489 1254 elisi
1517 1219 1615 1255 sunt

173 1285 222 1327 ot
245 1283 471 1337 perierunt.
505 1282 616 1325 inter
645 1295 750 1334 quos
775 1282 904 1324 ctiam
935 1285 1167 1324 senatores:
1199 1295 1296 1324 nam
1324 1295 1444 1324 senes
1470 1282 1542 1334 qui
1570 1282 1613 1324 in

175 1366 298 1398 muro
336 1352 518 1400 stabant.
559 1352 632 1395 ubi
675 1353 812 1394 hostes
851 1350 1108 1403 fugientibus
1137 1351 1352 1394 immixtos
1380 1352 1423 1394 in
1455 1351 1612 1395 Urbem

175 1425 391 1469 incurrere
418 1423 626 1476 viderunt,
653 1422 836 1466 claustra
863 1422 1129 1465 demiserunt.
1157 1424 1201 1472 2)

231 1495 366 1540 Simul
394 1495 554 1538 Marius
581 1508 713 1547 paene
739 1494 795 1536 ab
822 1493 1036 1536 obsidione
1066 1493 1268 1536 liberatus
1294 1497 1370 1546 est,
1398 1493 1542 1536 multis
1560 1493 1615 1535 ad

179 1567 406 1611 Praeneste
447 1566 549 1618 fuga
587 1565 750 1617 delatis,
783 1566 855 1617 qui
897 1570 1112 1617 tamquam
1157 1564 1275 1607 Sulla
1313 1566 1536 1607 interemto
1572 1571 1615 1607 et

179 1638 319 1682 Roma
356 1637 412 1681 ab
453 1636 642 1680 hostibus
682 1641 896 1689 occupata,
941 1634 1187 1678 Lucretium
1215 1635 1395 1678 Ofellam
1424 1641 1471 1678 ut
1499 1648 1614 1678 recc-

177 1707 298 1754 deret
325 1716 589 1751 monuerunt.

711 1890 910 1934 CAPUT
942 1889 1090 1934 XXX.

230 2091 406 2139 Interim
450 2093 504 2137 ad
545 2093 718 2138 Portam
745 2091 952 2137 Collinam
982 2091 1185 2146 proelium
1213 2091 1504 2134 continuatum
1534 2095 1609 2133 eat.

178 2165 431 2211 Plutarchus
486 2179 586 2208 vero
627 2179 708 2208 non
750 2162 930 2207 dilucide
973 2176 1137 2216 pugnae
1178 2161 1381 2205 rationem
1427 2162 1614 2215 exponit,

176 2251 313 2291 neque
340 2236 395 2280 ab
423 2235 617 2290 Appiano
641 2234 904 2288 explanatur.
960 2233 1047 2276 Res
1075 2233 1133 2276 ita
1160 2247 1204 2275 se
1221 2232 1415 2275 habuisse
1431 2231 1612 2275 videtur:

177 2308 340 2353 Sullani
384 2307 439 2351 ad
480 2307 626 2352 urbem
670 2305 915 2360 proturbati,
956 2319 1051 2348 cum
1096 2310 1239 2357 portae
1266 2304 1433 2347 clausae
1461 2308 1612 2348 essent,

176 2395 343 2425 omnem
369 2394 485 2434 spem
512 2378 658 2423 salutis
684 2378 726 2421 in
754 2377 910 2420 virtute
936 2375 1169 2430 ponendam
1198 2389 1287 2418 csse
1309 2374 1612 2428 intellegebant

176 2458 304 2505 atque
343 2456 459 2494 metu
499 2455 543 2493 et
583 2449 829 2493 necessitate
864 2447 995 2490 coacti
1027 2452 1137 2489 retro
1164 2446 1207 2489 in
1238 2445 1375 2489 hostes
1403 2459 1447 2488 se
1477 2451 1612 2488 verte·

178 2528 276 2567 runt
315 2526 359 2566 et
392 2522 526 2565 aciem
554 2520 839 2563 restituerunt.
895 2516 963 2560 Ita
991 2516 1044 2559 ad
1074 2515 1250 2559 multam
1281 2523 1443 2559 noctem
1473 2530 1612 2570 pugna

178 2599 388 2649 protracta
427 2597 519 2647 post
546 2592 722 2646 primam
750 2589 919 2633 demum
947 2588 1093 2632 horam
1122 2587 1254 2631 noctis
1283 2587 1462 2631 Romani
1489 2600 1611 2641 supe-

227 2802 263 2850 1)
288 2802 421 2840 Prone.
446 2802 563 2839 Stat.
588 2800 620 2838 1.
648 2801 704 2838 ιι.
732 2800 787 2837 ιι.

228 2868 266 2915 2)
291 2868 393 2920 App.
420 2866 445 2904 1.
473 2866 498 2907 l.
