1988 3366
258 303 311 309 ·“-·
340 297 353 301 ‘
459 282 465 285 ’
888 304 932 343 11

745 484 943 528 CAPUT
984 486 1069 529 ΙΙΙ.

242 668 343 714 Jam
383 683 459 712 nos
498 670 766 722 accingamus
805 669 859 712 ad
901 670 1062 713 Sullam
1105 671 1148 713 in
1191 671 1405 724 republica
1432 671 1617 725 gerenda

189 738 521 784 describendum.

244 809 357 861 Quid
397 824 497 853 vero
537 825 633 853 eum
662 811 893 863 induxerit,
921 816 967 853 ut
995 812 1110 863 quasi
1141 813 1348 865 perruptis
1375 817 1418 855 et
1446 811 1630 855 disiectis

191 882 408 935 nequitiae
449 896 534 934 qua
576 882 845 924 obsidebatur
893 883 1085 925 claustris
1111 882 1219 926 hanc
1247 897 1398 926 novam
1427 883 1538 925 viam
1566 883 1630 926 iu·

163 980 173 988 -
189 951 435 1007 vederetur
461 958 504 995 et
529 967 613 1005 quo
640 953 816 1006 fautore,
831 968 927 996 cum
943 954 1029 1006 ipse
1044 954 1143 996 olim
1158 953 1212 996 ad
1226 953 1403 996 honores
1415 953 1628 1007 adspirare

189 1037 276 1068 nou
300 1022 514 1068 videretur
543 1025 598 1077 l),
625 1026 852 1079 emerserit,
880 1026 1083 1078 scriptum
1111 1039 1194 1069 non
1217 1030 1370 1069 exstat.
1425 1025 1509 1069 Sed
1537 1040 1624 1068 sus-

189 1094 320 1150 picari
345 1095 444 1139 lieet
470 1094 735 1139 nobilitatem
762 1096 852 1140 eius
878 1096 1017 1140 studia
1045 1096 1310 1150 promovisse.

244 1165 437 1211 Primum
472 1167 603 1219 igitur
631 1166 685 1211 de
710 1167 802 1210 eius
828 1172 1204 1220 quaestura-annos
1230 1168 1404 1221 triginta
1428 1173 1473 1212 et
1486 1182 1616 1212 uuum

188 1241 289 1282 tuuc
317 1241 441 1281 natus
466 1242 557 1280 erat
583 1238 633 1281 cf.
662 1252 751 1291 cap.
767 1240 791 1281 6
807 1262 859 1268 —
880 1238 1090 1291 agendum
1117 1243 1192 1281 est.
1221 1238 1341 1282 Haec
1369 1238 1413 1282 in
1442 1239 1624 1292 primum

188 1307 315 1352 larii
339 1307 603 1352 consulatum
629 1308 776 1352 incidit
802 1308 932 1362 (107),
957 1322 1088 1362 quum
1115 1309 1274 1353 bellum
1290 1324 1387 1353 cum
1401 1310 1431 1354 J
1435 1310 1619 1363 ugurtha

189 1378 428 1435 gerebatur.

241 1450 439 1495 Auctoris
468 1451 598 1494 nostri
627 1451 809 1504 primum
837 1465 953 1494 error
981 1451 1251 1504 corrigendus
1272 1455 1338 1495 eet
1359 1465 1459 1495 cum
1481 1452 1626 1496 minus

189 1524 304 1565 reete
348 1521 530 1565 seribat:
572 1521 787 1577 (Σύλλοις)
827 1522 1076 1575 ἀποδειχθεὶς
1116 1522 1160 1564 δὲ
1202 1521 1354 1574 τκμίκς
1393 1523 1628 1566 §mudum

190 1593 328 1647 Μιρίῳ
350 1593 419 1642 τὴν
438 1593 589 1647 πρώτην
610 1592 804 1635 ὑπατείαν
824 1591 1128 1642 συνεξέπλευσεν
1148 1594 1199 1640 εἰς
1219 1593 1372 1645 Λιβύην
1394 1594 1628 1644 πολεμήσων

188 1663 436 1717 Ἰουγούρθαν.
492 1663 588 1706 Non
642 1664 755 1707 enim
812 1662 1096 1714 συνεξέπλευσε
1154 1664 1318 1717 Μαιρίῳτ
1376 1668 1482 1706 teste
1537 1664 1628 1706 Sal-

189 1734 315 1778 lustio
343 1734 388 1786 2)
427 1734 484 1777 ab
525 1734 781 1787 imperatore
821 1733 933 1777 domi
976 1734 1144 1777 relictus
1184 1738 1289 1786 erat,
1331 1738 1379 1777 ut
1420 1748 1476 1776 ex
1502 1734 1626 1777 Latio

189 1807 235 1848 et
258 1819 287 1848 a
310 1805 432 1849 sociis
457 1806 694 1857 equitatum
722 1809 901 1857 cogeret.
956 1804 1049 1854 Quo
1076 1809 1263 1858 tempore
1282 1803 1491 1847 deindein
1508 1804 1630 1847 Marii

189 1879 328 1920 eastra
367 1877 540 1931 venerit,
579 1891 605 1919 e
644 1876 842 1920 Sallustio
884 1875 1031 1919 deduci
1076 1880 1223 1929 potest.
1264 1878 1309 1926 3)
1352 1875 1492 1926 Quum
1530 1890 1631 1928 ager

189 1945 332 1991 aridus
357 1951 467 1991 esset
493 1952 537 1991 et
563 1947 732 2000 frugum
759 1960 1029 1990 vacuus-nam
1057 1946 1229 1989 aestatis
1255 1950 1494 1989 extremum
1518 1950 1625 1989 erat·

190 2017 353 2074 Marius
392 2017 447 2061 ad
488 2017 686 2071 oppidum
727 2016 907 2072 Capsam
934 2015 1260 2070 oppugnandum
1287 2015 1497 2069 profectus
1523 2021 1628 2067 erat,

190 2102 275 2142 quo
325 2089 418 2132 loco
457 2092 596 2146 capto,
637 2088 734 2131 aliis
775 2088 875 2131 locis
916 2087 1090 2130 munitis
1130 2087 1285 2140 potitus
1324 2086 1542 2129 castellum
1585 2087 1629 2129 in

189 2163 332 2203 monte
358 2173 487 2202 saxeo
515 2159 708 2213 positum,
740 2158 811 2201 ubi
826 2171 979 2211 magna
996 2157 1198 2210 peemiise
1211 2157 1274 2200 vis
1294 2162 1387 2200 erat
1402 2156 1630 2209 recondita,

187 2228 302 2274 haud
328 2230 453 2283 longe
479 2244 506 2272 a
534 2229 707 2273 flumine
738 2228 933 2280 Muliebri,
960 2241 1125 2271 summa
1154 2228 1194 2270 vi
1221 2241 1371 2280 capere
1394 2227 1623 2280 contendit,

191 2300 234 2344 iu
260 2314 344 2354 qua
371 2314 419 2343 re
447 2300 602 2343 multos
628 2298 717 2343 dies
743 2304 787 2343 et
814 2299 976 2342 labores
1002 2297 1268 2350 consumpsit.
1296 2297 1416 2341 Tunc
1442 2297 1625 2350 demum,

190 2369 293 2415 dum
319 2386 371 2414 ea
399 2386 466 2414 res
491 2372 665 2424 geritur,
694 2375 889 2423 quaestor
916 2382 1011 2412 cum
1040 2382 1192 2420 magno
1220 2368 1410 2419 equitatu
1433 2368 1476 2411 in
1491 2373 1630 2412 castra

189 2442 318 2486 veuit.
372 2443 412 2486 A
453 2457 550 2486 vera
591 2441 789 2495 temporis
831 2440 993 2483 ratione
1023 2453 1104 2482 non
1132 2438 1328 2481 aberrat-c
1358 2439 1486 2491 igitur
1516 2439 1627 2482 vide·

193 2526 300 2567 mur,
341 2513 376 2556 si
420 2519 518 2557 tunc
566 2517 718 2557 exacta
753 2515 842 2564 jam
882 2515 1041 2554 aestate
1087 2509 1267 2553 hiemem
1295 2510 1628 2562 appropinquare

242 2743 278 2788 1)
328 2741 429 2779 Vell.
456 2742 511 2780 ΙΙ.
542 2743 600 2779 18.

242 2807 281 2853 2)
329 2805 373 2843 B.
400 2805 487 2854 lug.
515 2807 574 2843 95.

244 2870 280 2917 8)
330 2869 373 2907 Β.
400 2870 485 2918 lug.
512 2873 570 2907 90.
596 2882 702 2919 seqq.
