1988 3366
819 341 874 386 35

700 525 900 571 CAPUT
926 527 1007 571 IX.

138 778 141 781 ,
183 725 279 779 Quo
319 726 465 772 audito
503 727 623 772 Sulla
656 727 820 782 πολέμῳ
846 728 974 782 κρίνοις
1000 729 1230 783 διακριθῆναι
1260 729 1299 783 1)
1329 730 1565 774 oontionem

131 798 378 854 ennvoeavit
402 802 447 842 et
473 811 558 851 qua
585 803 677 843 erat
701 798 887 843 sollertia
913 803 957 842 et
982 798 1193 850 facundia,
1209 801 1392 844 militum
1405 801 1568 844 animos

132 868 342 923 aptabat.
395 868 505 914 Cum
550 869 731 923 praedae
777 870 991 914 Asiatieae
1038 870 1266 915 avidissimi
1307 876 1457 925 essent,
1496 885 1568 914 eos

133 940 284 986 timum
309 940 533 995 intellexit,
561 955 615 984 ne
642 941 804 984 Marius
829 941 934 984 alios
959 941 1115 985 milites
1141 942 1185 985 in
1206 942 1285 985 hoe
1298 942 1456 986 bellum
1471 956 1569 985 eon·

134 1010 339 1057 ”liberet
347 1026 367 1055 ε.
386 1015 605 1065 praeterea
619 1011 761 1055 Sullae
774 1012 980 1066 auspiciis,
992 1012 1066 1064 qui
1078 1013 1167 1066 ipse
1179 1012 1424 1056 libidinosus
1435 1012 1571 1056 multa

134 1081 182 1128 in
225 1096 372 1127 eorum
413 1083 595 1137 gratiam
635 1082 869 1126 condonare
911 1083 1072 1127 solebat
1106 1098 1234 1136 quam
1260 1084 1386 1136 Marii
1412 1084 1571 1127 bellum

134 1166 284 1208 gerere
318 1153 545 1208 malebant,
573 1154 647 1207 qui
676 1167 836 1208 „neque
864 1154 1000 1197 ventri
1027 1168 1164 1207 neque
1186 1155 1572 1208 turpissimaeparti
1605 1144 1607 1146 ¹

139 1223 350 1279 eorporis”
376 1223 544 1268 deditus
571 1228 676 1268 erat.

189 1294 538 1340 Commemoratis
563 1296 693 1349 igitur
718 1295 894 1350 iniuriis,
921 1296 1074 1348 quibus
1099 1310 1127 1339 a
1153 1295 1340 1349 Sulpicio
1352 1296 1571 1349 Marioque

136 1370 248 1411 enat
270 1365 458 1421 affectus,
486 1366 588 1410 belli
613 1366 747 1411 civilis
773 1371 895 1410 caute
924 1367 1041 1410 nulla
1070 1367 1282 1410 mentione
1308 1367 1433 1420 faeta,
1460 1367 1570 1410 mili·

134 1440 200 1482 tes
223 1436 418 1482 hortatus
442 1441 519 1491 est,
544 1441 594 1481 ut
619 1437 757 1491 parati
784 1441 922 1481 essent
947 1437 1002 1480 ad
1028 1438 1141 1480 iussa
1162 1437 1370 1480 facienda:
1388 1438 1460 1490 qui
1474 1451 1573 1480 eum

136 1508 229 1553 eius
258 1512 445 1553 mentem
471 1508 788 1560 intellexissent,
817 1522 915 1552 eum
942 1508 1052 1551 bono
1077 1522 1167 1551 esse
1193 1508 1334 1551 animo
1361 1512 1404 1551 et
1431 1508 1572 1551 inUr-

137 1579 237 1625 bem
278 1593 325 1624 ee
361 1579 516 1624 dueere
541 1580 754 1623 iusserunt
779 1578 834 1622 ad
860 1580 1034 1622 iniurias
1060 1579 1325 1622 inimieorum
1353 1578 1566 1623 vindican-

136 1650 213 1696 du
233 1650 292 1706 2).
345 1650 574 1695 Confestim
588 1651 724 1694 laetus
738 1664 814 1694 sex
827 1650 1011 1704 legiones
1024 1650 1206 1694 Romam
1219 1664 1364 1693 versus
1376 1650 1510 1693 duxit.
1525 1651 1570 1703 3)

137 1721 317 1767 Tribuni
357 1736 386 1766 a
424 1722 719 1770 Marioxinissi
762 1736 789 1765 a
827 1722 1031 1765 militibus
1073 1722 1337 1765 exacerbatis
1366 1721 1574 1774 lapidibus
1627 1741 1631 1744 ·

138 1791 281 1837 obruti
318 1797 419 1837 sunt
458 1795 516 1845 4).
570 1792 664 1843 Quo
702 1793 852 1836 nuntio
878 1792 1008 1836 allato
1036 1792 1196 1835 Marius
1222 1792 1405 1835 vicissim
1432 1791 1575 1835 Sullae

138 1863 295 1908 amieos
319 1863 364 1907 in
390 1863 496 1907 urbe
523 1863 750 1907 trucidavit
776 1876 1004 1916 eorumque
1017 1863 1128 1906 bona
1143 1862 1372 1916 publicavit
1386 1864 1444 1911 5):
1462 1876 1575 1906 eom-

135 1933 282 1989 plures
304 1933 446 1979 Roma
469 1934 617 1979 relicta
642 1934 687 1979 in
714 1933 858 1978 Sullae
885 1938 1022 1977 eastra
1048 1933 1337 1987 confugerunt.
1392 1933 1449 1985 Is,
1477 1933 1575 1977 lieet

135 2004 293 2050 milites
318 2005 460 2049 animo
485 2012 678 2059 prompto
703 2005 889 2049 etalaeri
905 2004 1077 2059 videret,
1094 2008 1237 2048 tamen
1258 2003 1410 2047 dubius
1428 2003 1576 2047 haere-

137 2074 226 2131 bat,
248 2079 431 2120 tantum
470 2075 633 2120 facinus
672 2075 896 2119 admittere
935 2079 1152 2128 eunctans;
1184 2074 1412 2118 verebatur
1439 2087 1577 2127 porro,

138 2159 238 2192 011111
270 2145 430 2191 tribuni
457 2160 603 2191 omnes
627 2146 794 2191 deserto
818 2146 1010 2191 exercitu
1038 2145 1093 2189 ad
1121 2144 1282 2189 Urbem
1305 2144 1578 2199 aufugissent,

138 2230 198 2262 ex
219 2217 512 2271 quaestoribus
536 2231 638 2261 vero
663 2231 773 2261 unus
795 2220 961 2261 tantum
976 2216 1126 2260 ducem
1141 2220 1399 2269 sequeretur,
1417 2216 1579 2269 patriae

139 2286 301 2333 bellum
324 2287 480 2333 inferre
504 2301 589 2333 non
614 2288 879 2342 sustinentes,
906 2292 955 2331 ut
981 2288 1127 2341 eopiae
1153 2287 1197 2330 in
1224 2286 1308 2330 fide
1337 2300 1578 2339 persevera-

140 2362 248 2404 rent.
300 2358 407 2404 Mox
445 2363 590 2404 autem
630 2359 671 2403 ei
698 2359 863 2403 animus
889 2357 1057 2402 additus
1083 2363 1148 2401 est
1173 2372 1200 2401 a
1229 2356 1478 2401 Posthumio
1505 2356 1579 2400 ha-

198 2587 235 2633 1)
258 2585 359 2634 App.
387 2585 431 2623 B.
456 2586 498 2623 C.
523 2585 557 2624 1.
582 2586 641 2623 5¹7.

196 2651 234 2698 2)
258 2650 359 2699 App.
385 2649 411 2687 1.
435 2650 461 2688 1.
486 2652 543 2687 58.

192 2715 229 2762 8)
253 2714 415 2752 01011111
440 2713 487 2751 V.
516 2716 572 2753 19.
597 2717 767 2763 quatuor
791 2714 959 2761 legiones
984 2717 1135 2750 tantum
1162 2717 1374 2750 enumerat.

194 2781 232 2826 4)
255 2778 362 2817 Plut.
387 2778 488 2817 Mar.
513 2779 571 2816 86.
596 2778 706 2816 Oros.
733 2778 757 2816 1.
783 2778 806 2815 l.
834 2778 920 2815 val.
948 2778 1053 2815 Max.
1081 2777 1197 2814 VIII.
1222 2780 1255 2813 8.
1282 2780 1314 2813 5.

195 2845 235 2891 5)
259 2842 358 2881 Mar.
396 2842 420 2880 1.
451 2842 477 2881 l.
511 2842 656 2880 Utrum
687 2845 807 2881 πολλοὶ
833 2842 987 2884 suerint.
1013 2842 1096 2878 iure
1110 2841 1312 2878 dubitatur
1327 2857 1334 2877 :
1363 2840 1452 2877 lieet
1475 2840 1575 2877 enim

148 2895 335 2945 cupienti
351 2895 499 2934 Sullnm
516 2895 612 2933 hano
627 2908 706 2933 rem
718 2908 962 2944 exuperasse
975 2899 1014 2931 et
1027 2895 1180 2931 auxisse
1193 2894 1240 2931 es.
1254 2893 1350 2931 Smit
1364 2893 1412 2930 ad
1426 2905 1507 2940 cap.
1521 2894 1577 2928 35.
