1988 3366
1042 319 1090 359 12

347 503 634 545 existimamus
662 502 801 554 (107):
829 502 952 553 paulo
985 506 1073 554 post
1102 503 1230 544 etiam
1258 516 1353 543 cum
1388 502 1517 543 Mario
1534 502 1576 543 in
1594 501 1770 544 hiberna

349 574 570 626 profectus
598 577 671 615 est.
709 575 748 622 1)

404 644 501 686 Jam
556 658 679 695 supra
734 644 1056 685 memoravimus
1099 643 1144 685 C.
1190 643 1373 684 Marium
1418 643 1588 684 moleste
1630 643 1783 694 tulisse,

348 714 458 766 quod
485 714 564 756 sibi
592 714 866 766 asperrimum
895 714 1051 755 bellum
1078 714 1240 765 gerenti
1268 718 1353 755 tam
1370 713 1575 755 delicatus
1591 718 1785 764 quaestor

348 789 456 826 sorte
485 785 731 826 obvenisset.
761 785 803 836 2)
835 784 930 836 Ipse
960 784 1071 826 enim
1101 784 1253 826 laboris
1274 784 1434 836 patiens
1455 789 1583 835 atque
1599 784 1784 836 eorporis

350 856 507 897 viribus
546 856 767 908 excellens,
809 868 916 906 quae
958 855 1133 896 virtutes
1174 855 1377 906 imprimis
1419 854 1594 896 militem
1636 868 1784 896 ornare

350 926 610 976 videbantur,
661 926 720 967 nil
767 926 969 977 praeclari
1012 925 1282 977 exspectabat
1326 925 1380 966 ab
1426 923 1664 966 effeminato
1706 925 1784 966 isto

350 997 544 1049 Patricio!
585 998 655 1047 qui
688 997 827 1037 omnia
854 996 907 1037 ad
937 997 1194 1047 voluptatem
1222 996 1403 1037 referens
1433 1010 1566 1046 neque
1591 982 1792 1037 militiam*

350 1082 426 1109 usu
466 1068 622 1118 doetus,
656 1067 698 1108 in
728 1067 871 1108 scortis
899 1073 941 1108 et
968 1067 1167 1108 conviviis
1196 1066 1411 1108 libidinem
1440 1066 1635 1108 habebat.
1679 1066 1784 1107 Inde

348 1139 505 1180 factum
546 1151 634 1179 esse
677 1138 873 1189 suspicor,
917 1141 962 1178 ut
1006 1151 1102 1178 eum
1143 1137 1187 1178 in
1217 1137 1342 1178 Italia
1370 1137 1635 1189 relinqueret,
1666 1137 1783 1178 cuius

346 1224 470 1261 opera
499 1223 588 1251 sese
616 1223 763 1260 parum
790 1209 992 1250 incastris
1012 1209 1073 1250 uti
1089 1222 1204 1260 posse
1221 1208 1494 1249 existimaret.
1540 1207 1622 1249 Sed
1637 1214 1782 1249 eontra

347 1280 533 1321 omnium
573 1280 810 1331 opinionem
840 1279 956 1321 Sulla
984 1293 1072 1320 sese
1102 1279 1238 1319 virum
1267 1292 1420 1330 aerem,
1449 1278 1704 1320 industrium
1736 1284 1779 1319 et

347 1350 406 1391 rei
437 1350 628 1391 militaris
656 1349 837 1401 peritum
868 1350 1087 1401 praestitit,
1116 1354 1160 1390 ut
1183 1349 1298 1390 brevi
1321 1348 1500 1390 consulis
1518 1348 1778 1399 militumque

347 1421 574 1462 amicitiam
587 1420 662 1462 sibi
679 1426 949 1472 compararet.
994 1420 1235 1462 Sallustium
1260 1421 1302 1468 3)
1320 1424 1467 1460 testem
1485 1419 1775 1460 adhibeamus:

353 1490 510 1542 „Rudis
549 1495 674 1532 antea
714 1495 756 1532 et
795 1491 977 1543 ignarus,
1006 1491 1325 1532 sollertissumus
1353 1490 1538 1531 omnium
1567 1490 1609 1531 in
1639 1489 1779 1542 paucis

351 1561 691 1614 „tempestatibus
718 1561 851 1603 factus
880 1566 954 1603 est.
985 1561 1053 1603 Ad
1082 1561 1158 1602 hoe
1187 1561 1342 1602 milites
1359 1560 1537 1611 benigne
1552 1561 1776 1612 appellare,

353 1632 517 1685 „multis
544 1632 787 1684 rogantibus
815 1646 888 1683 per
902 1633 1047 1683 seipse
1062 1631 1161 1673 dare
1178 1631 1390 1683 beneficia,
1407 1631 1562 1672 invitus
1578 1631 1776 1682 accipere,

353 1703 446 1756 „sed
489 1717 539 1744 ea
579 1704 867 1755 properantius
908 1716 1034 1753 quam
1064 1717 1134 1744 aes
1162 1709 1355 1744 mutuum
1395 1701 1579 1750 reddere,
1609 1702 1695 1753 ipse
1725 1701 1779 1743 ab

353 1774 490 1827 „nullo
520 1778 720 1825 repetere,
751 1774 883 1825 magis
910 1773 953 1815 id
981 1773 1185 1827 laborare,
1216 1781 1260 1814 ut
1288 1773 1348 1814 illi
1376 1787 1502 1824 quam
1525 1772 1691 1824 plurimi
1709 1771 1777 1813 de-

353 1845 535 1898 „berent,
566 1845 657 1886 ioca
681 1849 806 1895 atque
835 1844 942 1886 seria
975 1859 1070 1885 eum
1089 1844 1344 1885 humillumis
1359 1858 1495 1895 agere,
1514 1844 1555 1884 in
1573 1843 1778 1894 operibus,

353 1916 417 1967 „in
457 1915 623 1966 agmine
650 1919 776 1965 atque
807 1915 859 1956 ad
888 1915 1050 1966 vigilias
1078 1915 1232 1955 multus
1263 1914 1416 1965 adesse,
1447 1905 1580 1964 neque
1613 1914 1775 1954 interim

353 1986 486 2037 „quod
530 2000 659 2037 prava
699 1986 871 2027 ambitio
914 1985 1029 2037 solet,
1070 1985 1249 2026 consulis
1288 1990 1361 2026 aut
1403 1985 1646 2035 cuiusquam
1677 1985 1773 2026 boni

354 2058 531 2109 „famam
578 2056 755 2108 laedere,
792 2056 1080 2097 tantummodo
1114 2069 1247 2106 neque
1284 2056 1454 2097 consilio
1491 2070 1623 2106 neque
1651 2070 1779 2097 manu

355 2128 557 2179 „priorem
587 2127 716 2168 alium
744 2127 843 2178 pati,
872 2127 1088 2178 plerosque
1116 2126 1395 2168 antevenire?

404 2199 489 2240 Ubi
530 2199 689 2240 Marius
730 2198 857 2250 igitur
898 2198 1194 2239 animadvertit
1234 2204 1492 2248 quaestorem
1537 2197 1687 2238 aeriter
1720 2197 1778 2238 rei

352 2269 521 2310 militari
561 2283 731 2321 operam
777 2268 888 2316 dare,
931 2268 1139 2309 maximae
1186 2268 1394 2318 equitatus
1423 2269 1529 2318 parti
1569 2266 1777 2318 praefecit.

350 2342 491 2390 Atque
508 2353 607 2381 mox
631 2340 668 2380 ei
688 2339 847 2381 occasio
868 2339 966 2380 data
980 2344 1042 2380 est
1057 2338 1326 2379 memorabile
1342 2337 1540 2388 quiddam
1559 2337 1720 2378 edendi.
1736 2338 1777 2387 4)

351 2410 570 2466 Iugurtha,
598 2424 751 2462 magna
778 2410 955 2461 pecunia
984 2410 1164 2460 locisque
1193 2409 1363 2450 munitis
1389 2409 1561 2461 amissis,
1592 2422 1778 2450 socerum

352 2480 575 2532 Bocchum,
602 2481 687 2522 iam
715 2480 815 2522 belli
841 2480 1014 2522 dubium
1044 2484 1169 2530 atque
1198 2479 1308 2531 pacis
1333 2479 1512 2520 rationes
1527 2478 1776 2528 trahentem,

485 2681 574 2717 Sall.
601 2681 644 2716 B.
670 2681 756 2726 Iug.
783 2680 840 2716 97.

487 2746 573 2781 Val.
600 2745 705 2781 Max.
735 2745 804 2780 VI.
830 2749 862 2780 9.
890 2748 921 2779 6.

487 2810 576 2845 Sall.
602 2810 644 2845 B.
671 2810 756 2856 lug.
784 2812 841 2844 96.

486 2875 574 2912 Sall.
603 2875 643 2910 B.
671 2875 755 2921 Iug.
783 2888 811 2911 e.
839 2877 883 2909 95
911 2886 1012 2922 seqq.

401 2683 436 2919 &3⁵55
