1988 3366
860 315 912 357 ‘15

170 491 370 549 ,victoria
399 498 473 538 tua
501 499 579 546 est,
606 495 737 540 Sulla.
780 496 945 541 Deinde
970 497 1123 542 adiecit
1149 513 1341 544 arsurum
1366 514 1456 546 esse
1482 501 1605 555 Capi-

170 563 358 620 ,tolium
411 564 507 608 Hoc
561 580 657 609 cum
697 566 872 611 dixisset
910 570 1108 613 continuo
1163 584 1352 624 egressus
1391 587 1416 616 e
1460 573 1606 617 castris

171 638 361 689 ‚postero
403 634 472 678 die
511 637 678 680 citatior
718 651 909 681 reversus
961 645 1024 683 est
1063 646 1107 683 et
1150 640 1402 695 Capitolium
1456 643 1606 687 arsisse

171 704 406 760 ,clamavit
438 706 614 750 Arserat
641 712 782 751 eutem
809 722 956 752 revera
982 710 1265 764 Capitolium”
1282 715 1336 763 1).
1364 712 1485 764 Quod
1511 727 1607 757 cum

168 775 327 820 malum
355 790 479 821 omen
505 778 743 822 consulibus
771 793 861 823 esse
887 780 1142 836 crederetur,
1173 782 1343 827 difficile
1386 783 1501 828 dictu
1543 789 1608 828 est

165 851 425 901 quantopere
454 848 527 891 tali
554 862 600 892 re
627 849 808 893 militum
844 852 973 894 animi
1002 853 1175 896 excitati
1208 853 1307 896 sint.

221 915 278 962 [a
319 922 511 962 extremo
553 919 689 973 capito
727 925 873 964 auctor
914 935 1054 965 rerum
1095 922 1284 967 ordinem
1324 924 1482 979 turbat,
1509 939 1605 969 cum

169 987 375 1042 proelium
402 988 457 1032 ad
484 988 737 1043 Fidentiam,
763 991 875 1044 quod
905 993 948 1036 in
974 1007 1134 1037 annum
1161 999 1405 1047 sequentem
1446 996 1606 1049 incidit,

170 1063 264 1113 post
287 1073 379 1103 rem
402 1074 499 1104 cum
526 1060 726 1105 Norbano
751 1068 913 1116 gestam
939 1064 1106 1108 referat.
1134 1064 1253 1115 Quae
1266 1066 1403 1120 capite
1415 1068 1605 1120 sequenti

170 1129 370 1185 leguntur
395 1131 625 1176 maximam
652 1139 814 1186 partem
840 1139 939 1178 anto
965 1134 1044 1178 hoc
1070 1135 1276 1189 proelium
1303 1136 1416 1181 facta
1441 1141 1552 1181 sunt.

670 1353 869 1397 CAPUT
894 1354 1111 1398 XXVIII.

225 1570 357 1624 Sulla,
400 1586 497 1615 cum
538 1586 584 1616 se
626 1573 788 1626 magnis
827 1573 955 1626 copiis
993 1573 1288 1617 circumfusum
1318 1574 1604 1628 intellexisset,

165 1641 307 1696 magis
333 1641 430 1686 dolo
456 1657 582 1696 quam
614 1643 769 1687 virtute
796 1643 1130 1687 contendendum
1144 1644 1414 1688 existimavit.
1442 1644 1604 1689 Idcirco

169 1711 350 1756 alterum
393 1714 606 1757 consulem
636 1713 872 1767 Scipionem
899 1714 953 1757 ad
982 1728 1128 1768 pacem
1157 1714 1367 1768 invitavit,
1395 1729 1477 1758 non
1505 1716 1605 1768 quia

170 1781 280 1827 hanc
319 1784 480 1828 sincere
519 1785 658 1839 vellet,
685 1785 758 1828 sed
785 1799 868 1838 quo
895 1785 1228 1829 adversariorum
1255 1787 1488 1830 exercitum
1515 1800 1604 1830 cor·

170 1859 397 1908 rumperet.
438 1854 547 1899 Cum
574 1856 659 1899 iam
687 1856 759 1899 illo
785 1870 866 1899 non
896 1861 1112 1899 recusante
1139 1870 1381 1910 congressus
1408 1861 1451 1900 et
1478 1858 1604 1902 collo-

168 1924 270 1978 quia
295 1925 443 1969 crebra
467 1926 631 1981 fierent,
655 1940 819 1980 semper
845 1927 1227 1980 procrastinationis
1246 1932 1289 1971 et
1303 1940 1446 1971 morae
1460 1942 1605 1972 causas

168 1995 424 2050 interseruit,
465 1995 565 2039 dum
606 1997 771 2048 milites,
799 2003 846 2041 ut
874 1999 961 2051 ipse
990 1997 1077 2040 dux
1103 1996 1159 2040 ad
1187 1996 1354 2041 fraudes
1380 1997 1604 2051 dolumque

169 2066 397 2121 conpositi,
426 2067 606 2110 bostium
633 2073 771 2111 castra
784 2068 968 2121 ingressi,
997 2067 1100 2111 alios
1127 2067 1352 2121 largiendo,
1370 2068 1475 2111 alios
1488 2068 1605 2122 polli-

168 2136 302 2181 cendo
331 2142 376 2181 et
404 2136 655 2182 blandiendo
682 2138 724 2181 in
752 2152 848 2182 suas
875 2144 1013 2192 parte*
1041 2137 1224 2181 trahunt.
1279 2137 1385 2181 Cum
1414 2137 1479 2181 his
1504 2139 1604 2182 satis

168 2208 422 2252 conveniunt
450 2222 559 2261 quae
586 2209 697 2262 apud
726 2209 967 2262 Appianum
1000 2209 1047 2251 B.
1075 2207 1123 2251 C.
1153 2208 1187 2251 Ι.
1216 2210 1268 2251 85
1298 2208 1507 2262 leguntur,
1531 2209 1602 2261 qui

168 2292 245 2323 nos
284 2285 501 2333 practerea
539 2279 661 2323 docet
702 2279 906 2334 Scipionis
951 2280 1103 2323 milites
1130 2294 1180 2323 eo
1208 2280 1369 2322 facilius
1394 2280 1602 2333 corrumpi

169 2349 363 2402 potuisse,
388 2349 489 2402 quia
514 2350 666 2394 animis
692 2350 867 2394 abiectis
895 2351 1010 2404 pacis
1036 2350 1334 2404 cupientissimi
1362 2356 1494 2393 crant.

222 2418 448 2463 Exercitus
489 2435 588 2464 vero
617 2421 902 2464 transitionem
931 2426 1076 2462 unctor
1104 2425 1247 2463 noster
1275 2420 1397 2462 nimis
1426 2421 1601 2463 strictim

168 2490 280 2535 hisce
328 2491 467 2535 verbis
508 2499 673 2535 narrat:
733 2492 890 2535 Sullam
921 2506 1015 2534 cum
1047 2491 1190 2542 viginti
1221 2490 1459 2534 cohortibus
1486 2505 1602 2534 ncce-

168 2561 336 2606 dentcm
366 2562 569 2617 Scipionis
611 2563 765 2606 milites
809 2562 1099 2604 salutm-crunt
1126 2570 1166 2603 et
1195 2575 1282 2603 sese
1308 2576 1403 2604 curn
1430 2575 1479 2603 co
1506 2575 1600 2604 con·

168 2633 408 2677 iunxerunt.
464 2634 683 2688 Appianus
727 2633 752 2676 l.
797 2633 823 2675 1.
862 2632 983 2686 paulo
1011 2632 1132 2674 aliter
1160 2631 1372 2684 multoque
1399 2632 1602 2685 copiosius

217 2828 251 2869 l)
278 2827 309 2863 A
342 2839 376 2875 p.
403 2826 445 2864 B.
473 2827 512 2864 C.
539 2828 598 2863 83.
624 2828 680 2863 86.
705 2826 866 2874 Dionys.
893 2825 980 2862 nal.
998 2824 1067 2861 lv.
1086 2825 1139 2860 61Δ
1168 2826 1224 2860 62.
1251 2824 1327 2860 Cic.
1356 2823 1461 2860 Vcrr.
1491 2827 1523 2860 4.
1542 2825 1598 2860 81.

166 2871 267 2912 Plin.
295 2839 344 2912 ff.
363 2875 411 2912 N.
436 2877 492 2913 35.
519 2878 552 2913 6.
570 2875 709 2924 Obseq.
734 2875 806 2910 118.
824 2873 991 2910 Tacitus.
1012 2872 1110 2910 lli-t.
1132 2872 1207 2908 111.
1224 2873 1281 2907 ⁷22.
1302 2871 1438 2908 Annsl.
1459 2871 1526 2907 vl.
1547 2873 1600 2921 12,
