1988 3366
1048 347 1099 388 60

362 530 637 583 „cadaverum
665 530 778 572 invia
806 529 987 572 relicta'’.
1017 530 1136 572 Tunc
1163 531 1409 572 immutatus
1437 531 1671 574 Archelaus
1689 547 1785 583 sup-

360 601 458 651 plex
501 601 647 646 oravit,
688 604 736 642 ut
776 601 885 643 bello
926 600 1142 642 desisteret
1170 607 1212 642 et
1247 616 1342 643 cum
1372 601 1616 644 Mithridate
1645 617 1789 654 pacem

357 671 525 712 faceret.
580 671 768 712 Tandem
813 671 873 712 ita
906 671 1015 712 inter
1044 686 1113 713 eos
1141 672 1361 713 convenit:
1395 671 1661 714 Mithridates
1689 673 1792 714 Asia

358 745 400 782 ot
445 740 734 792 Paphlagonia
761 741 986 782 abstinebit
1014 746 1056 783 et
1085 741 1304 783 Nicomedi
1333 741 1594 794 Bithyniam,
1626 742 1790 794 Cappa-

357 811 517 853 dociam
557 812 832 853 Ariobarzani
872 811 1010 862 cedet3
1057 812 1258 854 Romanis
1299 812 1380 854 duo
1425 812 1538 854 milia
1585 813 1792 855 talentum

356 882 596 924 numerabit
640 887 682 923 et
710 883 976 934 septuaginta
1005 897 1132 924 naves
1160 887 1360 924 rostratas
1385 897 1480 924 cum
1509 884 1624 937 omni
1653 897 1792 925 arma-

357 959 511 1005 mento,
555 952 681 994 duces
711 957 753 994 et
782 953 940 1004 legatos
972 954 1239 1004 captivosque
1268 967 1410 994 omnes
1438 967 1535 995 cum
1564 953 1789 1005 transfugis

358 1028 399 1064 et
444 1023 574 1064 servis
602 1023 791 1075 fugitivis
820 1022 968 1075 tradet,
998 1023 1123 1065 Chios
1151 1029 1193 1065 et
1220 1037 1502 1074 quoscumque
1532 1038 1557 1065 e
1585 1024 1719 1075 patria
1747 1024 1790 1065 in

358 1094 542 1136 Pontum
593 1094 817 1136 abduxerit
857 1095 1096 1136 civitatibus
1137 1095 1219 1136 suis
1261 1094 1418 1148 reddet,
1462 1094 1678 1146 praesidia,
1718 1094 1796 1136 nisi

358 1165 509 1215 quibus
550 1164 649 1206 locis
692 1170 789 1206 ante
830 1179 975 1217 pacem
1019 1165 1218 1207 violatam
1255 1165 1402 1216 tenuit,
1434 1164 1623 1207 deducet.
1680 1165 1797 1207 Sulla

359 1241 502 1277 contra
544 1237 583 1278 ei
628 1241 846 1288 paternum
893 1237 1113 1287 imperium
1144 1236 1407 1278 confirmabit
1435 1241 1477 1277 et
1507 1236 1662 1277 socium
1693 1235 1797 1278 ami-

359 1321 537 1357 cumque
569 1307 707 1358 populi
739 1307 921 1348 Romani
946 1307 1171 1359 appellabit
1189 1308 1239 1358 l).
1284 1307 1436 1360 „Hisce
1465 1301 1799 1348 condicionibus‘'

360 1378 496 1428 inquit
525 1378 655 1430 Sulla,
688 1391 832 1429 „spero
861 1392 927 1418 me
956 1378 1291 1429 impetraturum,
1321 1385 1367 1419 ut
1391 1377 1565 1429 populus
1582 1377 1799 1419 Romanus

364 1449 658 1501 „praeteritam
685 1449 882 1489 iniuriam
910 1448 1213 1489 obliviscatur”.
1270 1448 1430 1496 Quibus
1458 1447 1611 1489 auditis
1639 1446 1799 1488 Arche-

363 1519 455 1560 laus
498 1519 640 1560 statim
682 1519 891 1571 praesidia
919 1520 1112 1560 omnibus
1140 1519 1240 1560 locis
1270 1518 1444 1560 deduxit
1469 1524 1511 1559 et
1540 1518 1591 1560 de
1620 1518 1799 1560 caeteris

364 1589 679 1632 condicionibus
707 1590 760 1631 ad
792 1604 933 1641 regem
963 1589 1137 1641 scripsit.

880 1774 1078 1816 CAPUT
1107 1773 1280 1816 XXIII.

418 1960 535 2001 Sulla
562 1959 662 2001 dum
691 1973 933 2011 responsum
962 1974 986 1999 a
1008 1972 1107 2009 roge
1123 1961 1348 2010 exspectat,
1364 1956 1608 2009 Thracibus,
1623 1957 1694 2008 qui
1709 1971 1801 1999 con·

364 2032 481 2072 tinuo
529 2031 821 2072 Macedoniam
862 2030 1145 2081 incursabant,
1189 2029 1347 2070 bellum
1387 2028 1540 2080 intulit,
1570 2032 1617 2069 ut
1646 2028 1799 2069 milites

366 2107 580 2143 exerceret
622 2102 828 2152 simulque
870 2101 1023 2142 ditaret
1069 2100 1169 2153 (85).
1224 2099 1452 2159 Eutropius
1487 2099 1541 2140 V.
1585 2101 1620 2140 7.
1656 2096 1801 2150 gentes

367 2173 614 2214 nominatim
642 2176 866 2213 memorat:
898 2171 1097 2224 „Interim
1127 2185 1175 2212 eo
1204 2174 1390 2221 tempore
1420 2169 1535 2211 Sulla
1549 2169 1676 2210 etiam
1695 2169 1799 2210 Dar-

371 2244 539 2297 „danos,
570 2243 818 2294 Scordiscos,
850 2242 1069 2284 Dalmatos
1096 2246 1138 2282 et
1167 2240 1337 2281 Maedos
1367 2240 1517 2291 partim
1546 2240 1657 2287 vicit,
1690 2239 1794 2280 alios

370 2315 435 2366 „in
465 2314 591 2355 fidem
616 2313 812 2365 accepit.”
827 2313 868 2364 2)
899 2313 1039 2354 Minus
1070 2315 1182 2353 recte
1211 2311 1339 2363 igitur
1366 2309 1635 2351 Plutarchus:
1654 2310 1798 2352 τούτων

367 2384 674 2436 ὁμολογηθέντων
730 2383 988 2436 ἀναστρέψας
1016 2381 1183 2434 ἐβάδιζε
1211 2381 1277 2423 διὰ
1313 2380 1540 2427 Θετταλίας
1566 2381 1632 2422 ux)
1659 2386 1799 2422 Mome-

367 2456 492 2503 δονίκς
534 2456 600 2497 ἐπὶ
640 2456 703 2497 τὸν
753 2455 1044 2503 Ἑλλήσποντον
1089 2453 1155 2506 (cf.
1186 2453 1326 2505 infra).
1384 2452 1625 2493 Honorifice
1654 2466 1798 2493 secum

368 2526 625 2567 Archelaum
669 2526 828 2575 habuit,
870 2532 917 2566 ut
957 2539 1054 2566 eum
1095 2524 1139 2565 in
1183 2523 1285 2564 urbe
1324 2522 1493 2564 Larissa
1533 2522 1576 2564 in
1605 2522 1799 2564 morbum

367 2597 638 2648 implicatum,
668 2596 890 2648 diligenter
919 2599 1096 2648 curaret,
1112 2594 1229 2645 quasi
1243 2594 1405 2646 legatus
1420 2593 1486 2635 vel
1501 2593 1660 2645 collega
1677 2597 1799 2635 esset.

421 2790 453 2834 1)
479 2790 577 2844 App.
615 2789 657 2824 B.
697 2789 752 2824 M.
779 2791 834 2824 55.
860 2788 904 2823 B.
931 2787 970 2823 G.
997 2788 1029 2823 Ι.
1055 2788 1112 2824 74.
1137 2786 1220 2823 Liv.
1247 2786 1319 2834 Ep
1345 2787 1401 2823 83.
1428 2785 1546 2823 Hunc
1571 2785 1699 2821 locum
1716 2796 1798 2834 per-

370 2837 526 2883 scripsit
547 2837 621 2872 Dio
648 2837 750 2872 Cass'
723 2849 801 2872 sius
827 2836 977 2883 Fragm.
1004 2835 1134 2874 Ursin.
1161 2835 1240 2873 173.

419 2903 454 2948 2)
480 2901 562 2939 Liv.
589 2901 663 2940 l--l
