1988 3366
359 505 510 548 ducere
552 520 635 548 non
674 510 822 559 potest,
869 512 916 549 ut
945 512 1032 549 tam
1061 508 1325 551 commodum
1356 514 1569 552 auctorem
1601 509 1792 562 deponat.

356 577 503 628 Neque
539 577 573 618 is
602 591 710 619 unus
735 592 886 630 parum
917 582 1040 621 caute
1067 579 1121 621 ad
1152 579 1295 621 Sullae
1324 581 1616 623 auctoritatem
1646 595 1793 634 provo-

357 648 480 700 cavit,
521 648 647 690 etiam
694 648 841 690 Livius
878 650 1187 692 commentariis
1233 651 1511 702 optimatium,
1537 651 1609 702 qui
1636 651 1794 693 bellum

357 719 507 761 sociale
552 723 593 761 et
631 720 755 762 civile
783 719 896 762 haud
927 720 1015 762 sine
1044 721 1108 762 ira
1136 726 1177 763 et
1206 721 1342 763 studio
1372 721 1690 776 descripserunt,
1718 723 1793 764 im-

356 790 582 842 prudenter
612 805 710 833 usus
741 791 920 834 videtur.

410 861 542 903 Nobis
586 862 713 913 igitur
755 862 798 903 in
842 862 981 904 animo
1025 867 1087 905 est
1118 864 1160 905 iu
1189 863 1407 905 Plutarchi
1437 863 1571 906 fontes
1598 868 1642 907 et
1668 864 1792 906 fidem

356 932 568 982 inquirere
613 937 655 974 et
697 933 1007 984 comparatione
1039 933 1230 976 instituta
1258 948 1353 976 cum
1383 926 1642 986 reliquorum
1670 935 1794 987 scrip-

356 1006 494 1043 torum
543 1002 804 1054 testimoniis,
845 1002 1044 1045 historiae
1087 1003 1226 1056 fidem,
1269 1009 1474 1055 quantum
1514 1005 1606 1046 fieri
1646 1009 1794 1057 potest,

355 1073 565 1125 indagare.
622 1073 740 1122 Quae
781 1088 879 1116 vero
919 1089 945 1116 a
988 1074 1216 1117 Plutarcho
1256 1075 1299 1117 in
1336 1075 1413 1121 hac
1442 1075 1529 1118 vita
1556 1075 1791 1127 traduntur,

353 1158 435 1185 non
479 1145 657 1196 carptim
693 1145 913 1197 perscripsi
941 1149 984 1188 et
1011 1145 1240 1198 exploravi,
1268 1146 1342 1188 sed
1370 1145 1522 1188 additis
1548 1159 1656 1198 quae
1682 1146 1794 1198 apud

352 1215 455 1256 alios
490 1219 725 1256 memoratu
768 1214 895 1267 digna
936 1216 1090 1268 inveni,
1120 1216 1209 1258 eius
1238 1216 1415 1268 vestigia
1442 1221 1623 1268 secutus,
1651 1216 1793 1259 Sullae

354 1286 485 1327 vitam
529 1286 694 1337 explevi
740 1291 785 1327 et
824 1286 961 1328 refeci.
1017 1286 1181 1328 Licebit
1223 1286 1405 1329 Cornelii
1436 1286 1635 1329 Sisennae
1664 1287 1792 1330 verba

355 1371 428 1409 pro
466 1358 571 1399 meis
602 1371 820 1409 usurpare:
855 1357 1052 1411 „Litteris
1080 1362 1198 1410 gesta
1226 1359 1374 1401 iccirco
1403 1358 1658 1401 continentia
1676 1373 1791 1401 man-

360 1427 586 1480 „davimus,
635 1442 688 1470 ne
730 1428 954 1470 vellicatim
996 1433 1069 1470 aut
1102 1429 1315 1471 saltuatim
1344 1429 1559 1472 scribendo
1587 1429 1791 1472 lectorum

361 1499 543 1550 „animos
571 1497 867 1550 impediremus
899 1498 977 1551 1).”

410 1568 545 1620 Leges
573 1573 715 1610 autem
744 1569 896 1620 quibus
924 1569 1102 1611 dictator
1122 1570 1421 1622 rempublicam
1437 1569 1645 1613 ordinavit
1660 1571 1790 1623 omisi,

356 1639 555 1690 quoniam
583 1652 633 1680 ea
661 1653 727 1680 res
756 1653 831 1681 nos
858 1639 1022 1691 longius
1049 1655 1075 1681 a
1103 1641 1311 1692 proposito
1341 1640 1578 1683 deduceret.

411 2877 444 2920 1)
496 2875 594 2910 Gon.
623 2876 669 2910 N.
698 2878 743 2911 A.
771 2877 864 2912 XII.
893 2879 947 2912 15.
