1988 3366
853 302 902 344 41

160 484 307 537 putea
344 482 530 526 maxime
572 483 616 527 in
656 497 727 526 eos
764 484 915 527 saeviit
953 490 996 527 et
1024 485 1255 529 acerbitate
1282 485 1595 539 proscriptionis

112 577 125 588 κ
150 564 264 599 ’.κο
289 556 355 596 est
379 566 481 596 usus
506 553 550 596 in
578 557 741 597 veteres
766 553 949 598 iudices:
983 555 1023 609 1)
1051 555 1162 608 quod
1190 557 1325 610 magis
1350 560 1427 611 cst,
1441 555 1592 600 Cicero

163 621 348 667 affirmat
386 623 543 667 bellum
584 623 689 667 illud
725 624 921 668 Italicum
962 631 1129 680 propter
1154 626 1401 670 iudiciorum
1429 630 1591 671 metum

164 693 397 739 excitatum
423 708 514 738 esse
539 695 598 748 2).

114 784 115 787 ’
214 763 340 808 Adde
378 765 506 808 etiam
546 766 702 809 multos
744 771 905 810 veteres
943 767 1056 810 cives
1087 767 1310 822 indignari,
1336 767 1448 821 quod
1476 767 1596 812 Sulla

157 849 256 880 eum
281 836 410 879 armis
437 836 482 879 in
512 836 660 881 urbem
688 838 897 891 ingressus
923 843 1044 881 esset.
1088 838 1156 882 Ob
1183 853 1256 882 eas
1282 839 1421 892 potius
1446 853 1597 883 causas

158 905 200 951 ei
219 905 266 950 in
290 907 469 950 comitiis
496 907 709 960 δυσμένεια.
737 909 804 951 καὶ
829 909 982 961 νέμεσις
1011 909 1168 963 <Danai
1193 910 1368 959 ἀπήντα..

211 976 463 1030 Priusquam
477 978 532 1021 ad
546 979 781 1022 exercitum
796 979 1139 1033 proficisceretur,
1151 979 1332 1024 Cinnam
1347 980 1592 1034 gravissimo

162 1047 431 1092 iureiurando
452 1048 608 1102 adegit,
625 1063 679 1092 ne
691 1055 837 1093 contra
850 1064 895 1093 se
908 1050 1076 1093 faceret.
1104 1050 1188 1094 Hic
1203 1050 1316 1095 enim
1327 1051 1372 1095 in
1386 1050 1595 1104 Capitolio

158 1118 303 1165 multis
328 1120 615 1173 praesentibus
641 1119 753 1163 diras
779 1121 859 1164 sibi
884 1121 1136 1175 imprecatus
1164 1126 1245 1175 est,
1271 1125 1331 1175 ut,
1349 1122 1429 1165 nisi
1448 1121 1594 1166 infide

157 1191 389 1245 mansisset,
429 1191 535 1234 urbe
575 1192 636 1234 ita
675 1193 892 1244 eiceretur,
934 1193 1057 1235 sicuti
1089 1207 1114 1235 e
1142 1207 1270 1236 manu
1295 1193 1413 1247 lapis,
1441 1193 1592 1237 deinde

156 1261 341 1316 lapidem
378 1263 563 1315 proiecit.
634 1262 793 1305 Parum
832 1277 931 1306 vero
972 1263 1240 1306 iurisiurandi
1281 1278 1442 1307 memor
1482 1265 1594 1308 fuit:

151 1331 296 1376 statim
321 1332 432 1376 enim
459 1332 708 1385 magistratu
734 1333 839 1376 inito
865 1334 903 1376 ei
931 1347 1007 1387 per
1036 1333 1092 1376 M.
1115 1333 1351 1387 Vergilium
1371 1334 1589 1378 tribunum

152 1401 286 1456 plebis
311 1402 424 1446 diem
452 1402 572 1456 dixit,
599 1408 647 1446 ut
672 1417 771 1447 eum
797 1404 941 1457 procul
967 1404 1023 1447 ab
1050 1404 1177 1447 Italia
1203 1405 1460 1459 amandaret,
1477 1419 1584 1448 neve

152 1473 335 1517 consiliis
373 1475 471 1527 suis,
513 1487 539 1517 e
581 1474 811 1527 propinquo
850 1475 1092 1528 observatis,
1133 1474 1333 1518 obsistere
1362 1481 1499 1528 posset
1526 1475 1585 1529 3).

155 1543 277 1601 Sulla
318 1544 461 1597 itaque
513 1545 586 1597 qui
625 1545 726 1588 olim
765 1545 1055 1598 sagacissimus
1094 1550 1186 1588 erat
1221 1546 1264 1588 iu
1292 1545 1588 1599 perspiciendis

154 1613 373 1659 hominum
407 1615 590 1659 consiliis
630 1620 674 1659 et
701 1616 963 1669 negotiorum
991 1619 1142 1659 natura
1174 1616 1390 1669 rimanda,¹
1409 1617 1593 1661 multum

157 1684 226 1730 hio
250 1685 478 1730 aberravit.

204 1755 342 1800 Multa
383 1760 601 1810 praeterea
636 1756 779 1800 Sullae
814 1757 1059 1812 suadebant,
1087 1762 1135 1800 ut
1162 1757 1205 1800 in
1234 1756 1390 1800 bellum
1426 1757 1588 1801 Mithri·

152 1826 344 1871 daticum
392 1827 594 1880 proficisci
643 1832 889 1872 maturaret.
945 1828 1113 1882 Milites,
1157 1842 1261 1880 quos
1300 1842 1373 1881 spe
1413 1828 1595 1882 praedae

152 1897 368 1941 Asiaticae
395 1897 675 1942 inflammatos
706 1898 760 1942 ad
779 1898 935 1942 bellum
953 1904 1098 1942 contra
1119 1898 1297 1951 patriam
1316 1904 1594 1952 permoverat,

152 1967 322 2012 tandem
363 1969 408 2012 in
451 1969 599 2012 Asiam
639 1969 841 2023 proficisci
880 1970 1030 2013 animis
1070 1969 1318 2023 gestiebant,
1352 1970 1420 2013 cui
1449 1969 1587 2013 ardori

152 2038 270 2083 haud
297 2040 387 2083 sine
413 2040 599 2093 periculo
626 2041 763 2085 resisti
789 2042 944 2095 potuit;
971 2040 1120 2084 deinde
1134 2040 1465 2094 prospiciendum
1480 2046 1587 2095 erat,

153 2123 207 2153 ne
235 2109 501 2154 Mithridates
527 2112 652 2154 nimis
671 2116 875 2165 potestate
893 2117 938 2154 et
958 2112 1116 2155 uiribus
1132 2116 1347 2155 cresceret.
1375 2111 1586 2165 Imprimis

151 2186 296 2226 autem
338 2187 477 2226 motus
517 2188 580 2226 est
623 2183 769 2226 nuntio
809 2183 953 2227 mortis
992 2183 1175 2236 collegae
1215 2182 1265 2234 Q.
1296 2182 1485 2239 Pompei,
1511 2185 1586 2237 qui

151 2253 315 2307 missus,
358 2259 405 2297 ut
443 2254 676 2298 exercitum
717 2269 744 2297 a
770 2254 846 2297 Cn.
875 2254 1074 2308 Pompeio
1100 2254 1341 2307 proconsule
1368 2254 1585 2308 reciperet,

150 2322 368 2378 seditione,
392 2338 521 2377 quam
548 2323 635 2367 dux
663 2330 892 2373 creaverat,
921 2339 946 2367 a
975 2324 1175 2367 militibus
1195 2324 1437 2368 interfectus
1451 2329 1515 2367 est
1529 2325 1587 2377 4).

151 2394 246 2446 Quo
271 2394 418 2439 audito
444 2399 531 2439 tam
562 2394 830 2439 vehementer
856 2395 934 2439 sibi
965 2395 1118 2448 timuit,
1148 2401 1193 2438 ut
1220 2409 1383 2448 semper
1410 2395 1453 2438 in
1474 2394 1592 2439 Urbe

202 2609 235 2652 1)
261 2607 338 2644 Cic.
364 2620 433 2656 pro
461 2607 643 2645 Cluentio
669 2620 700 2644 c.
726 2610 781 2644 55.

201 2674 238 2717 2)
264 2672 341 2709 Cic.
369 2672 435 2708 off.
461 2672 516 2709 11.
546 2674 598 2709 12.

200 2738 238 2783 3)
266 2736 341 2774 Dio
366 2736 468 2774 Cass,
504 2736 888 2786 Fragm.Peir.117.

262 2804 362 2887 Alp-
388 2802 430 2839 B.
457 2803 497 2840 C.
524 2803 554 2845 1
582 2806 638 2839 59.
663 2804 720 2839 63.
746 2806 802 2840 64.
833 2801 1457 2849 Voll.1'.at11.2⁰1iv.r2.p7⁷
1489 2800 1575 2840 val.

155 2806 262 2889 Mais
386 2851 419 2888 7.
447 2850 526 2888 Vit.
554 2850 651 2888 Mar.
679 2853 734 2887 41
