1988 3366
1053 307 1105 348 ’10

360 490 467 532 hanc
506 504 602 531 cum
630 503 705 531 sua
733 493 981 531 testamento
1008 488 1237 542 legaverat,
1267 491 1339 542 qui
1368 490 1441 533 hos
1465 491 1594 533 libros
1628 492 1800 543 posteris

359 561 444 603 suis
491 560 672 612 reliquit.
729 560 812 610 Qui
856 574 951 602 cum
997 560 1289 612 intellegerent
1330 561 1611 604 Attalicorum
1653 576 1801 615 regum

359 631 557 683 studium,
591 631 719 673 libros
747 630 801 672 ad
830 629 1116 673 instruendam
1148 631 1343 683 Pergami
1379 631 1676 674 bibliothecam
1706 647 1800 675 con-

359 701 626 754 quirentium,
662 701 791 744 libros
833 716 929 743 suos
957 701 1034 744 sub
1064 706 1175 744 terra
1203 703 1246 744 in
1275 703 1384 745 fossa
1413 703 1595 755 quadam
1623 704 1802 746 occulta-

361 775 522 824 verunt,
552 771 624 813 ubi
654 787 678 813 a
709 771 850 814 blattis
879 776 921 814 et
948 772 1124 814 humore
1153 773 1292 814 vitiati
1316 777 1441 826 sunt3
1473 773 1643 815 tandem
1664 774 1734 825 qui
1749 789 1804 816 ex

366 857 415 885 ea
442 843 570 894 stirpe
597 849 728 896 erant,
757 842 994 885 Aristotelis
1021 847 1064 885 et
1091 843 1369 896 Theophrasti
1403 844 1531 887 libros
1552 844 1806 898 '2Apelliconi

366 915 468 957 Teio
495 928 648 967 magno
676 914 954 958 vendiderunt
984 915 1037 969 1).
1503 925 1507 930 ’

420 985 527 1027 Cum
556 989 698 1028 autem
726 986 902 1038 pedibus
928 986 1152 1043 laboraret,
1181 986 1441 1039 aliquamdiu
1469 986 1721 1041 Aedepsi,in
1737 1001 1804 1040 op-

366 1056 462 1108 pido
504 1056 704 1099 Boeotiae
744 1061 1022 1100 commoratus
1078 1061 1140 1100 est
1180 1058 1298 1110 aquis
1341 1058 1485 1100 calidis
1527 1072 1688 1107 usurus,
1734 1058 1806 1101 ubi

365 1121 520 1170 ferians
559 1142 654 1171 cum
690 1128 959 1175 histrionibus
1014 1133 1178 1182 tempus
1233 1129 1434 1172 traduxit.
1491 1129 1672 1173 Caetera
1699 1143 1807 1183 quae

368 1197 620 1241 Plutarchus
646 1201 724 1242 hoc
753 1200 889 1252 capite
916 1200 1046 1243 refert
1073 1201 1247 1243 minoris
1280 1205 1378 1243 sunt
1404 1202 1619 1245 momenti.

884 1383 1081 1427 CAPUT
1109 1374 1302 1428 XXVII.

422 1536 582 1578 Auctor
609 1540 752 1578 narrat
781 1537 940 1579 Sullam
974 1551 1046 1590 per
1075 1537 1334 1580 Thessaliam
1366 1541 1409 1580 et
1436 1538 1725 1581 Macedoniam
1754 1540 1808 1582 ad

370 1621 484 1648 mare
525 1607 756 1659 profectum
783 1622 876 1650 cum
906 1609 1019 1650 mille
1050 1613 1092 1651 et
1121 1609 1311 1652 ducentis
1337 1609 1513 1652 navibus
1542 1610 1808 1662 Dyrrhachio

369 1679 412 1720 in
443 1677 655 1720 Brundisii
683 1684 849 1731 portum
877 1679 1053 1722 traicere
1083 1694 1260 1732 parasse.
1320 1681 1360 1722 A.
1390 1694 1472 1732 quo
1503 1680 1693 1724 dissentit
1721 1682 1808 1734 Ap-

370 1749 517 1800 pianus
541 1749 588 1790 B.
633 1749 677 1790 O.
723 1751 783 1802 79,
816 1750 885 1801 qui
925 1750 1054 1792 tradit
1082 1765 1178 1792 eum
1210 1751 1359 1804 Patris,
1390 1751 1500 1803 quod
1529 1752 1726 1804 oppidum
1754 1752 1807 1794 ad

371 1818 577 1861 Achaiam
619 1820 864 1873 pertinebat,
907 1821 1136 1872 profectum
1165 1822 1207 1863 in
1237 1822 1404 1864 Italiam
1438 1822 1655 1864 traiecisse.
1711 1822 1807 1864 Plu-

369 1889 560 1931 tarchum
603 1904 700 1931 vero
743 1904 882 1932 errare
910 1891 1014 1932 mihi
1042 1892 1281 1943 persuaderi
1309 1907 1392 1934 non
1420 1897 1568 1944 potest,
1598 1906 1647 1934 eo
1676 1892 1808 1944 magis

369 1960 476 2011 quod
521 1960 575 2002 ad
617 1960 778 2002 Sullam
820 1961 1068 2013 Apolloniae
1114 1967 1362 2009 versantem,
1419 1977 1525 2014 quae
1567 1963 1666 2006 urbs
1694 1962 1807 2005 haud

370 2032 512 2084 procul
540 2046 566 2073 a
597 2032 863 2084 Dyrrhachio
891 2032 970 2075 sita
1000 2037 1102 2083 erat,
1133 2037 1321 2086 satyrum
1353 2048 1439 2076 esse
1468 2033 1695 2076 adductum
1723 2048 1807 2075 me—

369 2103 526 2144 moriae
554 2102 701 2156 prodit,
730 2103 773 2144 in
800 2103 951 2154 quibus
980 2104 1103 2157 nugis
1130 2104 1350 2154 narrandis
1378 2119 1540 2146 summa
1568 2104 1718 2157 dignus
1745 2108 1807 2147 est

369 2173 463 2215 fide.
520 2173 708 2215 Navibus
748 2174 875 2226 igitur
921 2174 1234 2226 Dyrrhachium
1275 2176 1510 2227 praemissis
1547 2177 1632 2228 ipse
1660 2175 1806 2218 eodem

370 2245 575 2295 profectus
612 2249 685 2298 est,
715 2245 877 2288 delectu
904 2246 945 2287 in
976 2245 1192 2288 Thessalia
1220 2250 1345 2297 atque
1376 2246 1620 2288 Macedonia
1650 2246 1804 2289 habito:

369 2314 447 2357 hoc
488 2316 598 2358 enim
643 2315 860 2367 Appianus
887 2317 912 2358 l.
940 2316 966 2357 l.
997 2317 1123 2358 etiam
1151 2316 1333 2358 indicat:
1363 2316 1507 2364 ἄλλους
1547 2317 1590 2359 τέ
1621 2333 1728 2361 τινας
1763 2317 1806 2359 ἐκ

371 2388 660 2437 Πελοποννήσου
688 2388 753 2430 καὶ
782 2388 1028 2435 Μοικεδονίοις
1057 2389 1298 2441 προςλοιβών.
1346 2388 1458 2437 Quas
1491 2403 1587 2430 vero
1618 2390 1754 2441 copias
1782 2403 1805 2430 e

372 2459 657 2510 Peloponneso
702 2459 914 2500 arcessivit
956 2459 1094 2500 Patris
1139 2460 1182 2501 in
1211 2473 1339 2501 naves
1366 2460 1582 2511 impositae
1610 2459 1805 2502 videntur

370 2532 496 2580 atque
524 2529 620 2570 inde
648 2530 818 2571 forsitan
849 2530 1028 2582 Appiani
1061 2535 1181 2572 natus
1209 2534 1271 2572 est
1299 2544 1426 2573 error.
1483 2530 1631 2582 Neque
1661 2532 1704 2573 in
1732 2545 1804 2573 na-

372 2600 486 2640 vium
528 2615 700 2642 numero
728 2601 799 2642 ille
827 2615 922 2642 cum
951 2605 1121 2643 auctore
1152 2606 1294 2643 nostro
1323 2602 1541 2650 consentit,
1572 2616 1667 2645 cum
1697 2602 1804 2644 alter

372 2684 441 2711 eas
469 2671 584 2712 mille
612 2678 830 2713 sexcentas
858 2685 1031 2714 numero
1061 2672 1187 2714 fuisse
1216 2671 1439 2714 existimet.

421 2865 458 2911 1)
484 2863 620 2900 Strabo
646 2865 761 2900 XIII.
776 2877 811 2912 p.
838 2867 917 2901 906.
945 2865 1104 2902 Caetera
1127 2865 1315 2902 librorum
1340 2866 1420 2902 fata
1444 2866 1549 2903 Plut.
1575 2870 1713 2903 narrat.
