1988 3366
1091 319 1143 375 ἑὸ

451 529 578 575 Errat
620 537 761 575 autem
803 532 913 576 Vell.
957 533 1050 576 Pat.
1084 534 1137 588 1),
1165 535 1237 587 qui
1278 535 1493 579 existimat
1529 551 1624 579 eum
1652 553 1749 580 ann.
1776 538 1824 581 91

397 604 553 647 honore
582 619 670 647 esse
704 620 841 647 usum:
874 605 946 658 „L.
976 606 1017 648 J.
1034 605 1209 648 Caesare
1225 610 1266 648 et
1283 606 1330 648 P.
1347 607 1506 649 Rutilio
1521 622 1620 650 coss.
1633 610 1828 652 universa

400 677 549 730 „ltalia
577 691 694 718 arma
722 677 920 719 adversus
948 677 1159 719 Romanos
1189 678 1337 730 cepit..;
1366 678 1581 721 clarissimi
1595 684 1736 722 autem
1751 681 1826 722 im-

399 752 632 801 „pei-atores
665 748 833 789 fuerunt
862 748 1043 789 Romani
1069 762 1117 790 eo
1132 748 1241 790 bello
1257 748 1331 790 Cn.
1349 748 1614 801 Pompejus...
1629 750 1676 792 L.
1696 750 1825 805 Sulla,

398 833 530 872 „anno
561 822 658 860 ante
688 822 883 870 praetura
910 818 1114 860 functus.'’
1136 819 1284 870 Neque
1313 819 1549 862 faciendum
1567 824 1629 862 est
1643 835 1738 863 cum
1753 822 1824 875 eis,

394 890 463 940 qui
505 903 597 931 eam
639 889 682 931 iu
726 904 822 930 ann.
866 890 917 930 92
947 893 1120 941 ponunt,
1150 890 1203 931 ad
1231 890 1524 932 auctoritatem
1553 898 1825 943 provocantes

393 961 573 1002 auctoris
603 960 654 1001 de
682 960 757 1002 vir.
787 960 844 1001 ill.
877 961 927 1012 (c.
945 963 1011 1010 75)
1025 961 1257 1003 scribentis:
1292 961 1434 1015 „Sulla
1455 966 1619 1013 praetor
1634 962 1822 1005 Ciliciam

397 1032 676 1084 „provinciam
705 1030 868 1072 habet.”
897 1031 1007 1073 Nam
1035 1032 1158 1074 nimis
1174 1032 1403 1074 manifestis
1418 1033 1556 1075 verbis
1570 1030 1823 1076 Plutarchus

393 1102 521 1143 tradit
548 1116 644 1143 eum
674 1116 768 1143 ann.
798 1103 851 1143 92
865 1116 919 1144 ex
942 1108 1138 1154 praetura
1153 1103 1194 1144 in
1214 1103 1518 1155 Cappadociam
1534 1105 1705 1147 missum
1720 1119 1820 1147 esse.

447 1172 568 1222 Quod
608 1173 661 1214 ad
702 1173 821 1214 ludos
863 1173 1056 1226 pertinet,
1097 1188 1200 1225 quos
1240 1179 1407 1226 praetor
1435 1175 1561 1227 dedit,
1591 1175 1633 1228 2)
1662 1176 1820 1228 primus

391 1258 574 1296 pugnam
614 1248 782 1286 centum
809 1244 979 1286 leonum
1006 1244 1244 1286 iubatorum
1273 1244 1399 1296 dedit,
1427 1259 1529 1297 quos
1556 1248 1599 1296 3)
1626 1246 1671 1288 in
1698 1246 1819 1289 Circo

391 1315 557 1368 solutos,
598 1329 692 1356 cum
732 1315 916 1366 alioquin
956 1315 1117 1367 alligati
1156 1315 1365 1367 darentur,
1393 1316 1640 1359 iaculatores
1667 1331 1693 1359 a
1718 1331 1818 1370 rege

391 1384 558 1427 Boccho
586 1385 700 1426 missi
727 1385 1004 1427 confecerunt.
1060 1386 1154 1428 Hoc
1184 1401 1292 1428 novo
1321 1387 1555 1439 spectaculo
1582 1402 1728 1430 auram
1750 1402 1822 1441 po-

390 1456 578 1508 pularem
606 1455 813 1507 captabat.

443 1526 565 1568 Μετὰ
591 1526 634 1568 δὲ
665 1526 731 1574 τὴν
761 1526 1004 1579 στρκτηγίοιν
1032 1527 1083 1574 εἷς
1121 1527 1188 1575 τὴν
1205 1528 1497 1570 Καππαδοκίαν
1513 1528 1820 1572 ἀποστέλλεται.

390 1596 458 1638 Ita
499 1596 751 1638 Plutarchus
792 1597 930 1639 minus
962 1602 1086 1639 recte.
1142 1597 1195 1639 Ei
1223 1598 1422 1640 nimirum
1449 1603 1649 1651 praetura
1676 1599 1819 1643 functo

391 1667 537 1709 Cilicia
596 1669 808 1720 provincia
858 1668 1025 1710 decreta
1065 1672 1139 1721 est,
1181 1669 1304 1711 simul
1347 1676 1489 1712 autem
1533 1671 1741 1723 legatione
1775 1671 1819 1713 in

390 1739 693 1791 Cappadociam
730 1745 901 1792 accepta
943 1741 981 1782 ei
1021 1740 1264 1782 mandatum
1288 1745 1374 1794 est,
1403 1745 1451 1783 ut
1479 1742 1819 1796 Ariobarzanem,

388 1824 530 1862 regem
572 1826 597 1852 a
641 1811 842 1853 Romanis
873 1812 1156 1864 constitutum,
1185 1826 1210 1853 a
1238 1811 1394 1854 Gordio
1423 1827 1534 1860 vero,
1563 1813 1818 1856 Mithridatis

387 1882 607 1935 praefecto,
652 1883 925 1935 exagitatum,
953 1883 996 1924 in
1025 1897 1200 1934 regnum
1242 1882 1470 1925 reduceret.
1527 1883 1647 1933 Quod
1688 1885 1817 1926 etiam

389 1952 505 1994 Sulla
531 1953 573 1994 in
602 1953 787 1994 oratione
815 1953 869 1994 ad
897 1953 1184 1995 Mithridatem
1204 1953 1379 1996 indicat:
1396 1956 1437 2004 4)
1465 1961 1533 2002 Ἐς
1547 1957 1619 2006 μὲν
1635 1962 1816 1997 Καππα-

387 2023 515 2065 δοκίαν
571 2024 647 2074 ἐγὼ
687 2025 918 2074 καιτήγκγον
976 2022 1294 2077 Ἀριοβκρζάνην,
1337 2025 1510 2072 Κιλικίας
1551 2024 1698 2078 ἄρχων,
1743 2023 1815 2068 ὦδε

387 2094 579 2145 Ῥωμαίων
626 2094 924 2147 ψηφισαμένων.
965 2096 1006 2144 5)
1061 2094 1111 2136 Id
1155 2095 1398 2154 mandatum
1428 2109 1527 2137 vero
1563 2095 1816 2138 Plutarchus

384 2165 613 2216 speciosum
642 2164 918 2216 expeditionis
948 2165 1116 2207 titulum
1144 2165 1339 2217 appellat,
1369 2180 1516 2207 revera
1547 2166 1670 2208 misso
1685 2166 1814 2219 Sulla,

384 2241 432 2276 ut
472 2234 771 2286 Mithridatem,
806 2235 878 2286 qui
906 2235 1034 2277 multa
1067 2235 1262 2287 habebat,
1294 2236 1415 2288 plura
1442 2236 1677 2289 affectabat,
1706 2251 1814 2278 com-

384 2305 593 2357 primeret.
649 2305 936 2357 Cappadociae
978 2306 1088 2347 enim
1128 2306 1317 2348 inhiabat
1344 2321 1513 2359 sperans
1542 2321 1630 2349 sese
1657 2307 1813 2349 Gordio

384 2375 436 2416 ad
465 2391 582 2417 suam
615 2377 873 2417 voluntatem
901 2391 1074 2418 usurum
1103 2382 1144 2419 et
1172 2381 1219 2419 ut
1249 2377 1398 2419 Florus
1426 2377 1509 2419 III.
1529 2379 1565 2419 5.
1581 2378 1660 2420 ait:
1691 2377 1813 2431 „Ela-

388 2451 477 2499 „tus
519 2447 668 2488 animis
707 2448 958 2501 ingentibus,
987 2448 1114 2490 Asiae
1142 2448 1268 2490 totius
1296 2452 1350 2501 et,
1380 2448 1412 2490 si
1442 2453 1590 2502 posset,
1618 2448 1811 2502 Europae

387 2517 635 2568 „cupiditate
664 2517 905 2569 flagrabat.'’

431 2634 465 2677 1)
490 2632 544 2667 II.
573 2634 628 2668 15.

429 2698 464 2740 2)
490 2696 591 2732 Plin.
619 2697 669 2732 H.
697 2697 745 2733 N.
772 2698 889 2734 VIII.
915 2700 971 2734 20.

431 2762 464 2804 3)
491 2761 573 2796 Sen.
602 2762 648 2796 de
674 2762 776 2798 brev.
803 2763 868 2798 vit.
897 2764 950 2799 13.
979 2765 1010 2798 5.

429 2828 464 2870 4)
490 2826 589 2872 App.
615 2827 658 2862 B.
687 2827 740 2862 M.
767 2827 894 2864 LVII.

429 2891 466 2936 5)
494 2891 597 2926 Auot
622 2892 668 2927 dc
694 2892 764 2928 vir.
788 2893 844 2928 ill.
871 2905 902 2929 c.
927 2893 982 2928 75.
