1988 3366
1074 314 1127 361 82

384 506 519 549 medio
550 506 637 548 foro
667 499 843 548 Rhodiis
871 504 922 547 de
952 505 1040 547 eius
1069 504 1280 556 deditione
1309 503 1635 546 deliberantibus
1662 518 1706 547 se
1732 503 1820 557 ipse

382 578 606 620 transfixit.
637 579 676 627 1)

437 649 544 690 Tota
586 648 734 690 deinde
774 648 913 690 Gallia
954 647 1008 689 ad
1044 648 1262 690 Metellum
1293 647 1467 689 defecit:
1498 662 1605 690 unus
1636 647 1820 690 Marcius

383 735 477 762 cum
519 721 822 772 quinquaginta
865 720 1102 762 cohortibus
1143 719 1340 771 restabat,
1383 720 1454 770 qui
1495 719 1553 760 M.
1594 718 1819 761 Lucullum

380 793 423 833 in
453 791 555 834 urbe
583 791 801 833 Placentia
828 791 1039 833 obsessum
1069 791 1258 832 tenebat:
1289 790 1357 832 hic
1386 804 1485 832 vero
1514 804 1609 832 cum
1637 788 1818 832 sedecim

382 863 619 906 cohortibus
636 864 851 915 eruptione
869 863 980 905 facta
997 863 1198 915 pugnavit
1227 864 1267 912 2)
1297 862 1506 913 caesisque
1526 861 1692 903 milibus
1707 865 1817 904 octo-

382 935 516 977 decim
531 939 666 977 eastra
703 948 868 986 quoque
898 934 938 975 vi
967 934 1086 986 cepit.
1118 934 1181 975 De
1212 933 1290 975 hac
1320 947 1462 985 pugna
1490 929 1620 974 etiam
1650 932 1817 974 Plutar-

381 1005 494 1055 chus,
538 1005 578 1056 3)
626 1004 699 1047 sed
741 1005 830 1047 loco
877 1019 958 1046 non
1003 1004 1154 1057 debito,
1183 1009 1230 1046 ut
1258 1018 1382 1055 supra
1410 1003 1677 1045 ostendimus.
1709 1002 1816 1055 (cap.

382 1076 592 1129 XXVII.)
649 1076 768 1118 Idem
798 1076 950 1117 milites
978 1075 1131 1117 mirum
1159 1076 1203 1116 in
1231 1074 1401 1116 modum
1431 1074 1484 1115 ad
1502 1087 1686 1126 pugnam
1700 1073 1816 1115 illam

380 1149 516 1190 omine
544 1147 735 1189 incitatos
764 1161 852 1189 esse
879 1147 1021 1188 refert:
1052 1146 1229 1188 Lucullo
1258 1146 1368 1187 enim
1397 1149 1619 1187 cunctante
1647 1148 1689 1186 et
1716 1143 1815 1186 hae-

380 1219 530 1260 sitante
561 1218 741 1260 clemens
769 1221 918 1260 ventus
946 1231 1001 1259 ex
1029 1231 1173 1268 campo
1203 1216 1339 1259 vicino
1369 1230 1565 1269 magnam
1594 1216 1638 1257 in
1663 1215 1816 1258 milites

381 1291 530 1332 florum
559 1290 720 1342 copiam
749 1289 935 1342 coniecit,
964 1289 1033 1340 qui
1063 1288 1192 1340 galeis
1221 1288 1428 1339 scutisque
1459 1287 1680 1329 haerentes
1700 1300 1814 1329 coro-

382 1362 470 1403 nati
498 1361 550 1403 ab
579 1361 767 1403 hostibus
795 1360 1003 1402 exercitus
1032 1359 1212 1411 speciem
1239 1359 1394 1400 referre
1426 1358 1502 1400 visi
1531 1362 1638 1400 sunt.

433 1432 522 1474 Eae
579 1432 716 1474 clades
759 1431 961 1473 Carbonis
1001 1431 1187 1472 animum
1230 1430 1290 1471 ita
1332 1429 1586 1480 deiecerunt,
1628 1432 1676 1470 ut
1716 1428 1814 1470 licet

380 1504 552 1556 triginta
594 1503 710 1545 milia
753 1509 1009 1545 armatorum
1044 1501 1096 1543 ad
1125 1501 1311 1543 Clusium
1340 1500 1519 1542 haberet
1543 1504 1585 1542 et
1612 1499 1811 1542 tredecim

379 1576 561 1627 legiones
600 1575 676 1617 sub
719 1574 986 1626 Damasippo,
1037 1573 1255 1615 Carrinate
1298 1572 1340 1624 4)
1384 1577 1426 1614 et
1455 1571 1612 1613 Marcio
1640 1575 1810 1624 starent,

381 1647 588 1689 Samnites
630 1647 797 1698 insuper
840 1652 976 1687 essent
1015 1645 1058 1686 in
1102 1645 1240 1695 armis,
1272 1643 1322 1685 de
1352 1643 1477 1685 rebus
1505 1643 1742 1695 desperaret
1761 1646 1811 1685 -et

380 1734 475 1760 cum
504 1719 645 1760 amicis
675 1719 758 1760 suis
787 1718 830 1759 in
860 1717 1047 1759 Africam
1078 1716 1292 1768 effugeret.
1322 1715 1363 1768 5)

434 1790 569 1839 Quem
599 1789 652 1831 ad
683 1789 870 1831 Clusium
897 1788 1066 1839 reliquit
1093 1787 1324 1828 exercitum
1354 1786 1577 1838 Pompeius
1594 1799 1690 1828 cum
1710 1784 1810 1827 duo-

378 1861 455 1902 bus
502 1860 688 1902 Serviliis
718 1861 758 1911 6)
789 1859 1020 1911 dissipavit:
1076 1858 1257 1908 reliquas
1286 1857 1424 1909 copias
1457 1856 1666 1909 Carrinas,
1699 1855 1810 1898 Mar-

379 1931 465 1973 cius
498 1936 539 1973 et
568 1931 845 1983 Damasippus
872 1945 967 1972 cum
998 1929 1253 1971 Samnitibus
1282 1928 1604 1970 coniunxerunt.
1635 1927 1676 1980 7)

898 2048 1093 2091 CAPUT
1121 2048 1290 2090 XXIX.

434 2168 621 2210 Tandem
654 2167 919 2219 pervenimus
946 2167 999 2209 ad
1027 2167 1272 2209 acerrimam
1299 2165 1415 2207 illam
1444 2179 1626 2217 pugnam
1641 2163 1694 2206 ad
1708 2163 1809 2206 Por-

379 2244 466 2282 tam
496 2239 714 2281 Collinam.
770 2239 830 2281 Ut
857 2253 982 2291 supra
1010 2238 1137 2280 verbo
1166 2237 1413 2290 monuimus,
1443 2236 1649 2278 Samnites
1676 2235 1809 2278 Lucio

429 2404 464 2449 1)
491 2403 573 2438 Liv.
600 2402 670 2449 Ep.
696 2404 752 2438 89.
778 2402 878 2448 App.
903 2401 946 2437 B.
974 2401 1013 2437 C.
1039 2402 1070 2436 I.
1098 2402 1154 2437 91.

428 2470 464 2513 2)
490 2467 571 2503 Liv.
599 2468 670 2514 Ep.
696 2470 751 2502 88.
777 2468 876 2514 App.
905 2466 948 2503 B.
976 2466 1016 2502 O.
1041 2467 1072 2502 Ι.
1088 2468 1144 2502 92.
1171 2466 1281 2502 Oros.
1300 2465 1348 2501 V.
1374 2466 1430 2500 20.
1457 2464 1559 2501 Vell.
1584 2463 1640 2499 II.
1665 2464 1721 2499 28.
1747 2462 1807 2498 Ex

379 2515 490 2552 Livio
517 2516 655 2551 deduci
679 2515 769 2551 licet
794 2515 908 2550 etiam
934 2514 1145 2550 Carbonem
1170 2513 1259 2549 huic
1284 2525 1436 2560 pugnae
1461 2511 1693 2548 interfuisse.

429 2582 463 2625 3)
489 2580 594 2616 Plut.
634 2583 671 2616 et
711 2579 793 2615 Liv.
820 2592 988 2626 pugnam
1013 2579 1062 2615 ad
1086 2578 1305 2614 Fidentiam
1330 2580 1491 2625 ponunt,
1518 2576 1586 2624 qui
1612 2575 1806 2612 dissensus

382 2641 404 2664 a
428 2628 623 2664 vicinitate
649 2628 823 2663 locorum
849 2627 960 2663 facile
987 2627 1081 2663 oriri
1106 2626 1245 2673 potuit.

428 2698 463 2740 4)
489 2695 587 2741 App.
613 2694 638 2730 l.
664 2694 688 2730 l.

430 2761 464 2805 5)
490 2760 589 2806 App.
615 2759 639 2795 l.
666 2759 690 2794 l.
716 2758 799 2794 Liv.
826 2758 850 2794 l.
876 2759 901 2794 l.
927 2758 1038 2794 Eutr.
1066 2758 1114 2794 V.
1142 2759 1174 2793 8.
1201 2759 1234 2793 6.

429 2826 464 2870 6)
490 2824 591 2859 Vell.
617 2824 641 2860 l.
668 2823 693 2859 l.

429 2888 464 2934 7)
490 2889 589 2935 App.
614 2888 656 2924 B.
684 2888 722 2923 C,
749 2888 782 2923 I.
807 2890 863 2924 90.
