1988 3366
841 327 893 369 57

145 509 202 556 d
241 510 551 554 Orchomenum
593 514 826 564 pugnatum
869 513 943 562 est,
980 510 1024 552 in
1052 508 1312 552 Thessaliam
1341 508 1585 562 praemissa,

144 580 289 627 atatim
331 580 384 624 ad
428 581 591 624 Sullam
629 580 847 624 defecisset
878 581 930 633 1),
959 580 1108 632 reliqui
1138 579 1185 623 O.
1215 579 1364 623 Flavio
1394 578 1586 622 Fimbria

144 651 285 706 legato
322 658 493 694 auctore
533 653 576 694 in
615 651 762 695 Asiam
804 650 977 703 profecti
1018 655 1139 693 sunt:
1181 650 1241 693 ibi
1282 649 1537 703 imperatore
1562 662 1587 691 e

148 722 285 767 modio
322 722 488 766 sublato
528 723 704 776 legatus,
747 722 871 765 homo
915 722 1089 765 ultimae
1116 721 1331 775 audaciae,
1358 720 1584 774 imperium

146 800 296 838 nctus
325 799 405 838 est.

682 977 880 1021 CAPUT
910 977 1060 1020 XXII.

199 1162 293 1216 Quo
320 1164 468 1207 nuntio
498 1162 678 1206 Romam
691 1162 820 1205 allato
835 1162 883 1205 L.
899 1162 1023 1205 Corn.
1039 1162 1176 1205 Cinna
1195 1161 1412 1215 Papirium
1429 1159 1588 1204 Carbo-

148 1248 247 1278 nem
273 1233 353 1277 sibi
379 1234 584 1287 collegam
613 1233 840 1285 adoptavit.
872 1233 929 1275 Hi
951 1233 1129 1286 pessima
1145 1232 1398 1285 exemplain
1412 1232 1590 1274 clarissi-

147 1318 239 1349 mos
265 1304 376 1347 viros
388 1303 621 1355 ediderunt,
636 1311 683 1346 ut
697 1304 932 1356 complures
948 1303 1051 1346 urbe
1068 1303 1214 1345 relicta
1233 1303 1276 1345 in
1294 1302 1438 1345 Sullae
1452 1306 1589 1345 castra

146 1380 363 1429 tamquam
406 1376 450 1418 in
491 1381 657 1428 portum
687 1374 958 1426 confugerent
985 1379 1027 1416 et
1056 1373 1172 1416 brevi
1205 1378 1395 1426 tempore
1424 1373 1585 1425 species

147 1450 317 1491 senatus
342 1451 454 1500 apud
482 1460 579 1488 eum
606 1451 714 1488 esset
743 1446 843 1497 (85).
888 1446 1115 1487 Auctorem
1146 1449 1331 1487 nostrum
1365 1443 1494 1486 verbo
1524 1457 1590 1486 se·

148 1522 270 1563 entus
303 1522 368 1560 eet
398 1517 479 1560 Dio
507 1516 673 1560 Cassius
700 1517 765 1568 2):
796 1522 892 1559 ’Ότι
921 1516 1036 1558 Κίννκ
1064 1516 1130 1558 καὶ
1158 1514 1362 1568 Κάρβωνος
1391 1515 1429 1557 ἐν
1460 1515 1589 1567 Ῥώμῃ

150 1593 229 1634 τοῖς
264 1587 600 1641 ἐπιφανεστάτοις
646 1586 808 1640 ἀνδράσι
849 1586 1055 1639 χρωμένων
1085 1589 1319 1639 πκρκνόμως
1353 1586 1419 1627 xxi
1448 1585 1585 1637 βιαίως

151 1659 292 1704 πολλοὶ
317 1661 386 1709 τὴν
415 1659 629 1713 τυραννίδκ
658 1660 873 1711 <Deam-arse
910 1657 1036 1710 ὥςπερ
1066 1658 1131 1699 ἐπὶ
1158 1656 1301 1707 λιμὲνκ
1329 1657 1373 1699 τὸ
1401 1660 1469 1699 τοῦ
1486 1656 1591 1699 Σύ).-

151 1741 208 1775 λα
254 1730 520 1785 cum-dmm
567 1729 829 1782 κκτεφέρσντο
879 1728 944 1771 aex}
994 1728 1078 1781 περὶ
1128 1728 1245 1770 αὐτὸν
1288 1727 1418 1778 ὀλίγον
1454 1726 1590 1779 χρόνον

152 1807 302 1857 σχῆμα
343 1801 489 1854 βουλῆς
530 1801 696 1853 ἐγένετο.
751 1799 869 1842 Idem
911 1804 1089 1842 testatur
1131 1798 1240 1840 Vell.
1285 1798 1378 1840 Pat.
1422 1797 1479 1840 11.
1516 1799 1589 1839 23:

157 1873 440 1928 ‚nominante
469 1874 510 1916 in
544 1872 666 1915 Italia
695 1871 843 1923 Cinna,
858 1871 991 1913 maior
1007 1884 1100 1922 pars
1116 1869 1342 1911 nobilitatis
1357 1868 1410 1911 ad
1427 1868 1591 1911 Sullam

157 1944 225 1999 „in
267 1943 474 1988 Achaiam
517 1957 566 1986 ac
608 1941 759 1985 deinde
800 1947 892 1995 post
932 1941 973 1983 in
1018 1941 1164 1983 Asiam
1192 1939 1400 1992 perfugie’
1428 1939 1484 1991 3).
1539 1938 1591 1981 In

153 2028 329 2058 numero
369 2028 514 2057 eorum
555 2013 626 2065 qui
668 2012 923 2065 aufugerunt
963 2011 1042 2053 fuit
1084 2010 1212 2052 etiam
1259 2009 1430 2051 Metella
1479 2008 1592 2059 μόλις

154 2078 415 2140 διαὲλέψκσαι
457 2085 596 2133 ἑκυτὴν
637 2084 703 2126 καὶ
743 2085 831 2130 τοὺς
876 2082 1043 2129 numm.
1087 2082 1142 2132 4).
1172 2094 1279 2132 quae
1309 2080 1347 2122 ei
1378 2079 1591 2122 nuntiavit

155 2155 327 2200 domum
384 2161 427 2199 et
469 2156 587 2198 villas
627 2156 717 2197 eius
756 2153 812 2195 ab
852 2152 1100 2195 adversariis
1147 2152 1335 2193 incensas
1378 2150 1591 2202 simulque

155 2227 292 2271 oravit
350 2232 478 2278 atque
532 2225 781 2275 obsecravit,
833 2229 879 2266 ut
925 2223 1009 2265 suis
1051 2222 1092 2264 in
1144 2221 1259 2264 Urbo
1300 2221 1591 2274 opitularetur.

156 2298 352 2343 Eundem
406 2298 531 2341 amici
588 2298 741 2339 iterum
796 2302 921 2346 atque
980 2294 1131 2335 iterum
1176 2306 1340 2343 rogasse
1382 2291 1591 2343 videntur,

157 2374 205 2414 ut
258 2370 437 2413 Graecia
488 2369 675 2412 hostibus
737 2373 880 2419 crepta
922 2366 1127 2418 regiisque
1169 2364 1297 2416 copiis
1339 2364 1380 2406 in
1423 2364 1593 2416 Europa

158 2440 306 2484 deletis
346 2447 389 2483 et
430 2440 659 2493 exstinctis,
703 2436 969 2491 periclitanti,
1011 2435 1138 2477 immo
1181 2435 1262 2476 iam
1291 2435 1378 2477 sero
1406 2434 1592 2488 perditae

209 2635 246 2681 1)
272 2635 373 2683 App.
398 2633 442 2671 Β.
468 2633 523 2670 Μ.
551 2635 608 2670 51.
636 2632 717 2669 Liv.
748 2632 815 2679 Ep.
841 2633 898 2668 82.

210 2700 246 2745 2)
272 2699 424 2746 Fragm.
451 2698 552 2737 Peir.
579 2698 766 2735 CXXVI.

209 2765 245 2810 3)
273 2763 354 2801 Liv.
394 2763 463 2813 Ep.
501 2765 557 2800 83.
597 2764 695 2811 App.
736 2763 778 2799 B.
815 2763 855 2797 C.
895 2761 925 2798 I.
964 2761 1020 2797 77.
1059 2760 1167 2796 Oros.
1197 2759 1237 2793 V.
1265 2761 1321 2796 20.
1350 2757 1458 2795 Eutr.
1488 2757 1533 2796 V.
1559 2758 1590 2795 7.

161 2813 299 2850 Zonar.
326 2811 376 2849 X.
401 2815 434 2849 1.

210 2879 247 2924 4)
272 2878 371 2927 App.
397 2876 422 2914 l.
449 2876 472 2914 1.
