1988 3366
1053 346 1104 388 26

361 532 540 575 Ostendit
568 546 611 574 se
639 532 794 575 virtute
821 532 971 574 bellica
997 532 1153 584 pollere
1172 533 1223 582 1):
1254 531 1467 584 praeclara
1484 531 1594 573 enim
1607 531 1791 575 facinora

359 604 403 646 in
432 603 602 646 Samnio
630 603 772 645 edidit.
1816 639 1818 642 .

414 673 580 716 Stabias
619 678 761 726 captas
802 673 936 726 pridie
978 673 1077 716 Kal.
1107 674 1242 716 Maias
1272 673 1442 728 delevit,
1471 674 1513 727 2)
1543 674 1640 717 inde
1667 674 1791 717 Pom-

358 746 471 798 peios
499 749 784 797 oppugnatum
814 745 1022 797 profectus
1051 749 1125 798 est,
1153 745 1206 787 A.
1235 745 1452 788 Postumio
1481 746 1637 789 Albino
1652 747 1790 800 legato

359 816 478 858 classi
508 816 729 870 praefecto,
759 817 843 868 qui,
871 820 919 858 ut
946 816 1125 868 videtur,
1141 816 1182 869 3)
1214 831 1240 858 a
1267 817 1374 858 mari
1402 817 1550 859 urbem
1570 823 1790 870 premeret.

359 888 443 929 Hic
470 892 611 930 autem
630 888 672 940 4)
702 888 766 930 vir
793 887 1022 937 nobilitate,
1053 888 1248 941 moribus,
1269 888 1472 930 honorum
1497 889 1682 931 omnium
1697 903 1791 932 con-

359 959 635 1001 summatione
662 959 763 1001 civis
790 959 981 1009 eximius,
1010 974 1104 1001 cum
1132 960 1381 1002 intolerabili
1398 960 1592 1012 superbia
1606 961 1792 1004 omnium

358 1030 540 1072 militum
569 1029 710 1071 odium
738 1030 782 1071 in
809 1043 853 1072 se
867 1031 1115 1083 suscitasset,
1133 1044 1207 1082 pro
1225 1031 1391 1073 nomine
1412 1030 1655 1083 proditionis
1674 1046 1792 1075 accu-

358 1105 483 1153 satus,
502 1101 545 1142 in
562 1102 706 1143 castris
720 1101 928 1153 lapidibus
943 1102 1114 1143 obrutus
1130 1106 1204 1155 est,
1220 1116 1327 1153 quae
1342 1102 1489 1144 caedes
1503 1117 1552 1144 eo
1567 1103 1792 1155 indignior,

357 1172 467 1223 quod
495 1172 631 1213 oranti
672 1176 799 1223 atque
841 1172 1076 1214 obsecranti
1104 1187 1129 1214 a
1170 1173 1372 1215 militibus
1415 1188 1564 1216 causae
1592 1174 1791 1217 dicendae

357 1248 538 1296 potestas
595 1244 841 1296 negabatur.
913 1244 1055 1286 Scelus
1105 1258 1188 1286 non
1232 1249 1396 1287 tantum
1438 1246 1619 1288 inultum
1673 1245 1791 1288 Sulla

357 1314 539 1365 reliquit,
595 1314 666 1357 sed
721 1315 848 1356 etiam
909 1315 1110 1367 gloriatus
1154 1316 1412 1367 praedicavit
1456 1331 1544 1358 sese
1586 1317 1791 1360 militibus

356 1385 677 1438 promptioribus
720 1400 807 1428 esse
848 1401 1034 1437 usurum,
1080 1387 1151 1438 qui
1192 1392 1411 1439 peccatum
1456 1389 1613 1430 virtute
1644 1389 1785 1431 eluere

357 1456 626 1498 eniterentur.
682 1456 747 1498 De
791 1470 873 1508 qua
913 1471 958 1498 re
1001 1457 1103 1499 haec
1150 1457 1320 1500 Orosius
1359 1459 1383 1499 1.
1414 1458 1440 1499 l.
1474 1458 1616 1512 „Sulla
1645 1460 1789 1502 consul

360 1527 549 1581 „civilem
609 1542 799 1569 cruorem
853 1529 1017 1570 nonnisi
1066 1528 1205 1570 hostili
1245 1530 1445 1580 sanguine
1482 1531 1645 1581 expiari
1673 1545 1790 1583 posse

360 1603 559 1652 „testatus
601 1603 679 1641 est:
727 1600 844 1641 cuius
885 1600 947 1642 rei
975 1601 1227 1642 conscientia
1256 1605 1467 1653 permotus
1495 1602 1704 1644 exercitus
1730 1603 1791 1645 ita

360 1684 566 1723 „pugnam
596 1670 766 1712 adortus
794 1675 869 1724 est,
892 1675 940 1713 ut
969 1673 1250 1723 unusquisque
1278 1674 1537 1725 pereundum
1565 1674 1789 1727 videretur,

361 1742 463 1795 „nisi
491 1742 694 1784 vicisset.'’
751 1742 815 1784 Ob
844 1758 937 1785 eam
974 1758 1062 1785 rem
1090 1744 1301 1787 incusatus
1329 1746 1388 1786 nil
1417 1746 1676 1797 movebatur,
1692 1747 1791 1797 quia

357 1813 537 1865 gratiam
589 1814 796 1856 exercitus
856 1815 1063 1867 captabat,
1107 1829 1188 1866 quo
1229 1815 1396 1857 favente
1437 1830 1525 1858 sese
1567 1817 1790 1869 imperium

358 1889 502 1927 contra
528 1884 817 1927 Mithridatem
846 1890 1165 1927 consecuturum
1193 1887 1397 1938 sperabat.
1454 1887 1550 1928 Non
1581 1888 1692 1929 enim
1723 1902 1790 1929 me

356 1955 492 1997 iudice
541 1956 671 2002 animi
722 1957 894 1998 lenitate
944 1963 986 1998 et
1030 1957 1349 1999 mansuetudine
1393 1958 1585 2000 inductus
1627 1963 1700 2011 est,
1742 1963 1790 2000 ut

358 2027 490 2068 scelus
532 2027 797 2078 neglegeret:
854 2042 950 2069 cum
993 2028 1223 2070 Plutarcho
1265 2043 1364 2070 eum
1404 2029 1627 2070 habemus:
1668 2029 1786 2083 φύσει

357 2097 429 2148 μὲν
483 2099 592 2151 ὀργὴν
634 2099 818 2151 χαλεπὸν
863 2097 956 2140 ἔντοι
997 2099 1063 2140 ux}
1099 2100 1357 2154 τιμωρητικὸν,
1399 2099 1603 2153 ὑφιέμενον
1647 2100 1690 2142 δὲ
1720 2105 1788 2149 τῆς

358 2168 509 2223 πικρίας
537 2170 715 2222 λογισμῷ
745 2170 837 2222 πρὸς
865 2170 907 2211 τὸ
938 2169 1148 2223 συμφέρον.

410 2239 619 2281 Samnites
661 2243 803 2281 autem
847 2239 1039 2281 Cluentio
1081 2240 1185 2282 duce
1228 2241 1449 2292 Pompeios
1492 2242 1545 2283 ab
1575 2241 1787 2283 obsidione

356 2311 534 2352 liberare
576 2311 903 2353 contendebant:
948 2312 1103 2363 repulsi
1145 2317 1281 2354 castra
1323 2327 1490 2354 movere
1518 2313 1650 2354 coacti
1677 2318 1786 2354 sunt.

356 2382 452 2424 Non
479 2383 611 2425 multo
642 2388 746 2435 post,
774 2398 870 2425 cum
898 2383 1117 2426 Gallorum
1146 2384 1305 2426 auxilia
1333 2384 1609 2435 advenissent,
1635 2384 1786 2427 Cluen-

357 2454 439 2495 tius
480 2469 671 2497 reversus
710 2455 923 2507 pugnandi
965 2457 1126 2508 copiam
1175 2456 1300 2498 dedit.
1364 2456 1568 2499 Hostibus
1612 2471 1785 2499 numero

357 2526 659 2579 superantibus,
688 2530 824 2568 metus
851 2526 1064 2568 Romanos
1092 2527 1321 2581 occupavit,
1349 2541 1430 2579 quo
1459 2527 1576 2569 Sulla
1603 2542 1702 2569 vero
1717 2541 1786 2569 eos

357 2596 477 2637 solita
516 2597 700 2638 sollertia
739 2597 946 2639 liberavit.
1001 2598 1167 2640 Accidit
1195 2598 1320 2651 enim,
1346 2603 1393 2640 ut
1422 2613 1518 2640 eum
1546 2602 1644 2640 ante
1669 2612 1783 2650 prae·

405 2713 439 2757 1)
465 2712 564 2759 App.
592 2713 615 2748 l.
642 2713 668 2748 1.
694 2713 806 2748 Diod.
834 2713 907 2750 VI.
931 2726 967 2760 p.
994 2714 1063 2749 246
1091 2713 1263 2749 Tauchn.

406 2776 441 2821 2)
465 2776 565 2812 Plin.
591 2777 643 2812 H.
669 2777 718 2813 N.
744 2777 822 2813 III.
849 2780 882 2813 5.
1048 2782 1050 2784 ’

405 2841 440 2885 3)
467 2840 548 2876 Liv.
574 2840 644 2887 Ep.
670 2842 726 2877 75.

403 2907 441 2951 4)
467 2905 553 2941 Val.
580 2905 686 2941 Max.
712 2905 785 2942 IX.
813 2908 845 2942 8.
873 2907 904 2943 3.
929 2905 1013 2943 Liv.
1038 2906 1064 2942 1.
1089 2906 1114 2942 l.
1141 2906 1250 2943 Oros.
1276 2907 1301 2943 1.
1327 2907 1353 2944 l.
