1988 3366
1068 318 1120 360 44

379 501 691 545 occurrendum.
731 501 882 553 Itaque
909 502 1032 554 plane
1060 501 1209 553 opibus
1236 504 1278 543 et
1299 500 1571 544 facultatibus
1586 500 1811 544 destitutus

376 573 430 615 ab
458 573 587 614 animi
614 572 769 614 virtute
797 573 1003 614 auxilium
1032 572 1260 624 petendum
1288 571 1473 614 videbat.

431 643 519 685 Ubi
560 643 779 695 pecuniam
821 647 863 685 et
905 643 1065 685 auxilia
1108 647 1150 685 et
1178 646 1457 684 commeatum
1485 655 1540 683 ex
1567 641 1737 684 Aetolia
1765 645 1808 684 et

380 714 592 756 Thessalia
619 714 843 766 arcessivit,
874 714 917 755 in
944 714 1130 756 Atticam
1158 713 1368 766 profectus
1396 716 1470 765 est,
1497 713 1542 754 in
1561 725 1644 764 quo
1658 712 1808 754 itinere

378 785 523 827 civitas
565 784 861 826 Thebanorum
904 788 946 826 et
987 788 1074 826 tota
1115 784 1247 826 ferme
1288 784 1463 825 Boeotia
1499 783 1648 834 legatis
1674 783 1811 824 missis

378 855 433 897 ad
455 870 559 903 eum
579 855 840 897 defecerunt:
872 855 1067 897 Athenae
1094 869 1191 897 vero
1220 855 1263 896 in
1291 855 1417 906 regiis
1445 854 1634 906 partibus
1669 867 1812 896 mane-

377 926 479 968 bant
510 926 562 978 1).
616 925 712 967 Non
742 940 838 968 vero
867 925 970 968 haec
998 925 1171 967 defectio
1200 925 1541 978 Atheniensibus,
1571 925 1612 966 vi
1639 925 1809 978 coactis,

378 996 623 1049 imputanda
637 1000 722 1038 est:
737 997 779 1049 2)
798 996 867 1050 „Si
882 997 972 1047 quis
987 996 1064 1038 hoc
1080 996 1312 1038 rebellandi
1327 1000 1503 1049 tempus,
1517 1008 1600 1047 quo
1616 995 1810 1038 Athenae

380 1071 668 1121 „oppugnatae
695 1081 720 1108 a
754 1066 872 1109 Sulla
899 1070 1008 1120 sunt,
1039 1068 1218 1119 imputat
1246 1066 1587 1119 Atheniensibus,
1609 1066 1809 1107 nimirum

381 1137 592 1191 „veritatis
621 1138 794 1188 verique
825 1138 996 1189 ignarus
1026 1141 1099 1179 est.
1155 1136 1275 1178 Adeo
1304 1137 1415 1178 enim
1445 1140 1559 1178 certa
1579 1135 1810 1178 Athenien·

383 1209 514 1263 „sium
541 1209 584 1250 in
611 1208 824 1251 Romanos
852 1209 954 1250 fides
980 1209 1071 1261 fuit,
1098 1212 1146 1250 ut
1174 1222 1335 1260 semper
1363 1212 1406 1250 et
1433 1208 1477 1250 in
1493 1208 1605 1250 omni
1621 1221 1680 1260 re,
1693 1197 1813 1258 quid-

382 1279 504 1334 „quid
545 1280 708 1322 sincera
749 1279 831 1321 fide
874 1283 1101 1332 gereretur,
1142 1278 1185 1320 id
1221 1279 1402 1320 Romani
1438 1278 1582 1320 Attica
1609 1277 1692 1319 fide
1718 1277 1811 1319 fieri

382 1351 733 1405 „praedicarent”

434 1422 550 1464 Sulla
591 1422 770 1464 Lucium
810 1421 1032 1463 Murenam
1080 1421 1267 1473 legatum
1307 1434 1403 1462 cum
1443 1423 1561 1472 parte
1599 1419 1812 1471 copiarum

379 1492 492 1534 misit
520 1492 574 1534 ad
600 1491 856 1533 Aristionem
884 1492 927 1533 in
954 1491 1059 1533 urbe
1087 1489 1423 1543 oppugnandum,
1440 1490 1481 1542 3)
1510 1490 1597 1542 ipse
1613 1489 1813 1531 Piraeum

380 1563 540 1616 petivit,
581 1577 661 1614 quo
698 1563 932 1605 Archelaus
961 1576 1004 1604 se
1033 1566 1258 1614 receperat.
1314 1561 1525 1612 Quidquid
1553 1565 1696 1603 autem
1723 1573 1810 1602 mo-

380 1635 479 1677 litus
520 1638 593 1688 est,
639 1634 746 1675 nihil
786 1633 982 1686 profecit:
1027 1634 1161 1685 operis
1203 1633 1434 1674 munitione
1471 1637 1513 1674 et
1540 1631 1813 1674 barbarorum

380 1705 472 1747 telis
520 1705 710 1757 repulsus
751 1704 954 1746 machinis
996 1718 1117 1745 omne
1145 1718 1276 1756 genus
1304 1702 1614 1755 compingendis
1644 1715 1811 1754 operam

382 1776 481 1818 dare
521 1779 687 1818 coactus
715 1779 789 1826 est,
818 1775 861 1816 in
892 1775 1042 1826 quibus
1069 1774 1286 1816 moliendis
1314 1773 1497 1825 quotidie
1525 1772 1668 1814 decem
1696 1772 1813 1814 milia

380 1847 573 1899 iugorum
601 1846 826 1887 mularium
855 1852 1057 1897 occupata
1085 1851 1216 1886 erant.
1272 1843 1566 1896 Compluribus
1596 1856 1740 1884 eorum
1760 1841 1813 1884 ab

381 1918 568 1960 hostibus
609 1917 786 1959 incensis
828 1920 952 1967 atque
998 1916 1173 1957 materia
1215 1916 1472 1967 pecuniaque
1514 1913 1812 1964 deficientibus,

383 2003 464 2030 non
494 1988 715 2040 dubitavit,
748 1993 794 2029 ut
826 1987 922 2029 huic
950 1987 1113 2038 inopiae
1141 1986 1389 2038 mederetur,
1419 1985 1523 2026 lucis
1549 1985 1676 2026 sacris
1704 1984 1814 2025 Deo-

379 2072 556 2109 rumque
584 2058 749 2110 templis
777 2073 926 2100 manus
950 2058 1116 2110 inicere,
1131 2056 1241 2107 quod
1260 2056 1443 2106 alioquin
1466 2069 1675 2096 summum
1693 2054 1809 2096 nefas

381 2130 621 2182 putabatur.
677 2129 759 2171 Hic
788 2129 1040 2170 Plutarchus
1057 2142 1152 2170 eum
1174 2131 1387 2179 comparat
1406 2126 1597 2168 cumillis
1612 2126 1811 2177 pristinae

382 2202 529 2244 aetatis
560 2201 732 2243 ducibus
760 2201 953 2242 M’Acilio
972 2200 1211 2251 Glabrione,
1226 2199 1274 2247 Q.
1290 2198 1539 2250 Flaminino,
1559 2196 1608 2238 L.
1625 2195 1805 2242 Aemilio

382 2273 528 2326 Paulo,
555 2274 628 2324 qui
656 2287 750 2314 cum
782 2272 926 2324 optimi
954 2271 1079 2313 duces
1098 2276 1188 2313 tum
1208 2268 1635 2321 vii-ireligiosissimia
1651 2267 1815 2319 templis

382 2348 720 2396 temperaverunt
763 2343 956 2394 Deosque
998 2342 1114 2384 donis
1157 2344 1425 2383 ornaverunt.
1507 2339 1567 2381 Hi
1611 2338 1813 2380 militibus

382 2415 578 2457 modestis
607 2419 648 2457 et
677 2414 784 2456 dicto
814 2414 1079 2456 audientibus
1106 2413 1343 2464 utebantur,
1375 2411 1516 2453 Sullae
1544 2424 1642 2452 vero
1659 2405 1815 2451 aetatis

383 2485 506 2527 duces
548 2485 807 2528 multitudini
848 2484 1178 2526 assentiebantur
1214 2488 1255 2524 et
1283 2481 1615 2533 corrumpebant,
1644 2484 1692 2522 ut
1720 2479 1812 2522 aliis

381 2557 646 2609 imperarent.
701 2556 830 2598 Cuius
860 2556 959 2598 mali
989 2555 1104 2597 Sulla
1132 2555 1321 2607 princeps
1350 2553 1429 2595 fuit
1458 2552 1559 2594 fons.
1589 2552 1631 2604 4)

431 2689 466 2731 1)
491 2687 589 2732 App.
616 2685 658 2720 B.
686 2685 741 2720 M.
769 2685 826 2719 30.

432 2752 467 2795 2)
493 2750 595 2785 Vell.
622 2749 705 2785 Pat.
731 2749 785 2784 Π.
812 2750 867 2784 24.
918 2750 1015 2795 App.
1043 2748 1085 2783 B.
1112 2747 1167 2783 M.
1193 2749 1250 2783 28.

432 2816 466 2859 3)
492 2814 578 2850 Hoc
604 2826 650 2849 ex
674 2813 852 2860 Appiano
878 2813 1015 2848 deduci
1041 2813 1131 2848 licet
1157 2825 1186 2848 c.
1217 2813 1270 2847 32.

432 2880 467 2924 4)
493 2878 610 2914 Hunc
635 2878 763 2915 locum
788 2891 900 2915 suum
926 2877 1015 2914 fecit
1040 2877 1115 2914 Dio
1142 2877 1243 2914 Cass.
1264 2876 1476 2923 cf.Fragm.
1500 2875 1598 2912 Peir.
1615 2874 1803 2912 CXXIII.
