1988 3366
888 339 914 388 3

156 528 276 599 *ire-
301 529 638 583 narratiunculis,
667 530 777 573 belle
803 535 847 574 et
865 531 999 574 facete
1012 530 1133 576 dictis
1145 531 1369 585 diligenter
1381 529 1618 583 perscriptis

156 603 311 654 nique
357 601 409 644 iis
455 601 611 654 electis,
651 601 803 653 quibus
847 602 966 645 Sulla
1009 603 1196 646 maximo
1235 601 1440 654 evehitur,
1482 602 1615 655 ipsam

152 680 163 702 ὲ
180 668 400 716 historiam
428 672 553 714 nimis
578 672 779 725 neglegit,
807 676 854 715 ut
868 686 1004 725 neque
1032 687 1173 716 rerum
1202 687 1441 726 progressus
1458 677 1502 714 et
1515 671 1617 714 ordo

94 732 101 740 ”¹
180 740 421 797 edoceatur,
449 756 586 795 neque
626 748 863 797 temporum
891 743 1078 786 condicio
1106 748 1360 797 exponatur:
1389 743 1614 796 imaginem

15 828 50 869 g
97 830 126 851 ν
182 826 239 858 ne
263 812 559 857 adumbratam
585 813 756 866 quidem
784 814 926 867 habes,
954 814 1109 857 nedum
1137 828 1389 868 expressam.

234 883 356 927 Nihil
382 884 512 938 igitur
541 885 692 927 attinet
721 884 871 938 dicere,
899 892 1057 937 quanta
1070 886 1209 928 cautio
1231 886 1273 927 in
1287 890 1458 928 auctore
1473 889 1614 927 nostro

181 954 361 1009 legendo
385 955 441 998 sit
468 954 717 998 adhibenda.
758 955 926 1008 Spirare
953 956 1065 998 enim
1092 955 1258 999 videtur
1286 956 1329 998 in
1357 959 1446 998 tota
1472 969 1615 998 narra-

182 1025 299 1070 tione
324 1025 445 1069 Sulla
470 1026 571 1079 ipse,
598 1027 665 1070 vir
691 1026 834 1079 magni
864 1026 1020 1079 ingenii
1047 1030 1091 1069 et
1118 1027 1161 1069 in
1183 1040 1230 1069 re
1257 1026 1428 1069 militari
1456 1026 1614 1068 nemini

182 1097 423 1151 aequalium
465 1102 580 1141 certe
605 1097 824 1150 secundus,
850 1097 925 1140 sed
952 1098 1109 1150 gloriae
1138 1097 1262 1140 nimis
1288 1096 1474 1150 cupidus,
1502 1098 1614 1140 frau-

162 1167 395 1221 dulentus,
429 1169 622 1222 crudelis,
664 1168 920 1211 libidinosus.
974 1168 1142 1218 Quanto
1181 1167 1276 1210 odio
1307 1167 1487 1210 Marium
1516 1182 1615 1220 prae

182 1238 378 1283 omnibus
417 1244 658 1293 persecutus
699 1240 754 1282 sit
793 1244 836 1282 et
862 1253 989 1291 quam
1021 1238 1290 1281 vehementer
1315 1252 1424 1291 quae
1458 1238 1616 1291 „haesit

182 1310 310 1364 cupiti
362 1311 499 1354 multa
539 1325 635 1354 cum
675 1309 799 1353 laude
838 1309 1014 1353 corona’'
1060 1309 1157 1352 huic
1197 1310 1359 1363 eripere
1395 1309 1616 1361 studuerit,

181 1381 428 1426 incredibile
461 1386 724 1439 est-narratu
755 1381 816 1434 1):
843 1394 926 1432 quo
953 1381 1108 1423 factum
1138 1385 1214 1432 est,
1242 1381 1347 1423 utin
1362 1385 1615 1423 commenta-

183 1451 244 1496 ria
266 1452 355 1496 suis
381 1466 682 1505 saepenumero
711 1450 754 1494 id
780 1457 936 1504 ageret,
949 1455 998 1494 ut
1016 1451 1127 1493 illius
1140 1450 1334 1493 laudibus
1347 1450 1614 1499 obtrectaret,

182 1509 237 1568 ee·
273 1524 410 1577 ipsum
452 1538 552 1567 vero
579 1523 747 1566 efferret
775 1522 1025 1575 laudemque
1051 1522 1232 1564 alienam
1261 1522 1340 1564 sibi
1368 1521 1612 1574 assignaret.

219 1593 388 1647 Neque
415 1594 470 1638 ad
498 1594 610 1637 hunc
637 1594 764 1636 finem
792 1593 1019 1645 quidquam
1049 1592 1242 1635 intentati
1272 1592 1452 1644 reliquit,
1479 1605 1614 1643 neque

182 1680 212 1710 a
239 1665 459 1710 mendacio
486 1670 530 1708 et
558 1664 705 1708 fraude
732 1663 961 1716 abhorruit,
990 1669 1036 1706 ut
1064 1677 1138 1716 pro
1167 1662 1352 1705 omnium
1375 1662 1615 1705 mortalium

181 1737 422 1782 felicissimo
463 1742 506 1780 et
542 1737 662 1789 quasi
692 1735 878 1778 Deorum
909 1734 1066 1777 deliciis
1094 1733 1337 1787 haberetur3
1364 1733 1517 1786 quippe
1542 1732 1615 1785 qui

179 1809 226 1853 in
268 1808 448 1863 proeliis,
489 1807 561 1850 ubi
602 1806 738 1850 multa
777 1806 894 1848 milia
921 1805 1102 1848 hostium
1131 1818 1251 1847 caesa
1277 1809 1426 1858 essent,
1453 1803 1505 1846 de
1531 1803 1616 1846 suis

180 1879 257 1924 vix
284 1878 505 1923 duodecim
532 1879 576 1931 2)
618 1878 686 1920 vel
715 1877 862 1930 viginti
891 1882 974 1918 tres
1001 1876 1044 1928 3)
1073 1876 1242 1928 periisse
1268 1875 1478 1917 affirmare
1501 1873 1614 1917 haud

179 1949 397 1994 erubuerit
409 1950 467 2003 4).
494 1948 614 1999 Quae
640 1946 893 1991 Plutarchus
920 1947 984 1988 vir
1012 1950 1176 1999 pectore
1205 1946 1399 1997 ingenuo,
1426 1944 1616 1987 sedartis

180 2021 354 2065 criticae
381 2033 547 2074 expers,
574 2017 802 2072 inprudens
827 2017 1004 2069 excepit.
1060 2015 1164 2058 Inde
1193 2015 1295 2057 haec
1316 2015 1403 2057 vita
1418 2015 1540 2068 plena
1553 2020 1617 2057 est

180 2075 462 2145 auspiciorum
505 2095 549 2132 et
589 2088 858 2140 somniorum,
885 2086 1037 2138 quibus
1076 2087 1118 2128 τὸ
1147 2085 1337 2136 δκιμένιεν
1367 2084 1446 2127 sibi
1473 2084 1615 2127 futura

183 2161 433 2217 protendere
448 2161 568 2204 Sulla
595 2161 776 2213 ingenue
803 2158 1009 2212 professus
1037 2162 1118 2199 est:
1149 2156 1252 2199 haec
1279 2161 1422 2199 autem
1451 2160 1616 2209 praeter

181 2233 321 2287 ipsum
364 2245 489 2276 nemo
530 2236 649 2274 tanta
691 2244 793 2273 cura
818 2227 1218 2272 commemoraverit.
1274 2226 1491 2269 Interdum
1526 2227 1611 2279 qui·

182 2304 279 2349 dem
309 2304 399 2348 eius
428 2302 554 2347 fidem
584 2302 626 2345 in
654 2301 828 2344 dubium
857 2307 989 2352 vocat,
1017 2314 1053 2342 c.
1080 2301 1118 2350 6,
1146 2300 1184 2351 8,
1210 2303 1336 2350 atque
1364 2312 1453 2340 rem
1483 2298 1614 2341 incre·

183 2374 356 2419 dibilem
384 2374 569 2418 referens
597 2372 758 2417 Sullam
791 2378 1004 2414 auctorem
1035 2370 1235 2421 nominat,
1262 2369 1380 2421 quasi
1406 2383 1451 2411 se
1479 2368 1614 2421 ipsum

182 2451 459 2490 excusaturus
503 2443 577 2499 (ὥς
604 2450 722 2498 φησιν
756 2444 873 2489 αὐτὸς
902 2440 1113 2494 (Σκύλης).
1153 2439 1223 2483 scd
1271 2439 1312 2481 iu
1340 2438 1526 2481 animum
1554 2439 1616 2482 in·

233 2658 267 2702 1)
315 2655 363 2693 cs.
397 2654 440 2692 L.
475 2654 514 2691 J.
553 2652 618 2690 W.
656 2652 753 2690 smil.
790 2652 827 2689 in
865 2650 1024 2699 Spa-im.
1052 2649 1193 2686 Λευὶς
1219 2649 1417 2685 observat.
1444 2647 1481 2684 in
1509 2646 1612 2684 Plut.

184 2703 318 2742 Vitam
342 2703 384 2740 C.
410 2702 538 2740 Marii.

227 2768 267 2814 2)
315 2766 418 2805 Plut.
444 2780 478 2803 c.
505 2768 559 2803 lc.

231 2832 269 2880 ³)
318 2830 422 2869 Plut.
448 2844 480 2869 e.
504 2833 561 2868 28.

229 2898 268 2943 4)
317 2895 471 2933 Heeren
495 2894 519 2932 l.
547 2895 570 2932 1.
