1988 3366
1061 328 1113 369 42

369 508 512 550 amicis
553 509 727 560 stipatus
768 509 991 563 incederet,
1032 523 1133 562 quos
1173 525 1225 553 ne
1269 515 1394 554 noctu
1436 512 1604 564 quidem
1631 511 1803 555 dimisit.

370 578 557 619 Tandem
587 579 705 621 initio
732 580 828 622 anni
859 582 909 623 87
939 580 1126 633 Capuam
1146 581 1353 635 profectus
1373 586 1448 634 est,
1472 596 1573 625 mox
1592 583 1634 626 in
1651 583 1798 626 Asiam

370 650 629 692 traiecturus.

928 835 1124 879 CAPUT
1155 837 1235 881 XI.

421 1018 598 1061 Interim
639 1018 919 1073 Mithridates,
959 1020 1158 1063 Ponticus
1197 1035 1286 1075 reX,
1326 1023 1392 1065 vir
1432 1035 1566 1074 neque
1598 1022 1795 1076 silendus,

367 1104 503 1142 neque
538 1090 737 1133 dicendus
764 1091 851 1134 sine
880 1106 992 1146 cura,
1023 1092 1131 1135 bello
1160 1094 1398 1147 acerrimus,
1429 1095 1586 1137 virtute
1611 1095 1802 1148 eximius,

366 1161 626 1213 aliquamdiu
664 1163 844 1216 fortuna,
887 1178 1048 1216 semper
1076 1165 1214 1207 animo
1241 1166 1467 1216 maximus,
1495 1167 1674 1209 consiliis
1701 1166 1801 1220 dux,

367 1233 485 1274 miles
513 1227 653 1287 manu,
685 1233 779 1276 odio
805 1234 849 1276 in
878 1234 1089 1276 Romanos
1118 1235 1332 1278 Hannibal
1363 1236 1415 1289 1),
1445 1250 1571 1288 quam
1597 1237 1800 1280 acerrime

365 1304 522 1346 bellum
561 1308 781 1356 paraverat
820 1305 1020 1356 regnique
1052 1306 1155 1347 fines
1182 1306 1269 1348 late
1298 1307 1539 1358 protulerat.
1594 1307 1804 1360 Bithynia

365 1375 598 1429 Nicomedi,
628 1375 891 1428 Cappadocia
919 1376 1196 1419 Ariobarzani
1224 1378 1388 1430 ereptis,
1419 1378 1654 1431 Phrygiam
1681 1393 1822 1423 occu-⁴

366 1445 494 1498 pavit,
525 1445 674 1487 deinde
701 1445 848 1488 Asiam
876 1446 920 1488 in
949 1460 1068 1488 suam
1095 1447 1256 1500 redegit
1274 1451 1522 1500 potestatem
1538 1452 1581 1491 et
1597 1449 1799 1501 quidquid

366 1516 409 1558 in
450 1530 499 1558 ea
527 1516 685 1559 civium
713 1516 1000 1559 Romanorum
1030 1521 1132 1568 erat,
1162 1529 1245 1560 uno
1275 1518 1341 1560 die
1369 1518 1571 1561 trucidari
1599 1520 1717 1562 iussit
1742 1519 1800 1565 2).

369 1587 487 1629 Dum
527 1587 614 1640 ipse
641 1587 840 1639 Pergami
867 1602 994 1640 agens
1022 1589 1164 1630 amicis
1195 1603 1292 1641 opes
1320 1593 1362 1632 et
1389 1603 1519 1642 regna
1547 1589 1800 1642 dispertitur,

367 1659 443 1700 filii
483 1659 577 1701 eius
610 1659 858 1711 longinquas
899 1659 1089 1712 regiones
1131 1659 1326 1702 obibant:
1372 1673 1549 1712 quorum
1585 1661 1703 1714 alter,
1733 1661 1801 1704 cui

368 1744 520 1772 nomen
559 1729 798 1772 Pharnaces
838 1730 952 1772 nullo
995 1730 1241 1773 adversante
1282 1731 1326 1773 in
1367 1731 1504 1774 Ponto
1549 1735 1591 1774 et
1618 1732 1803 1785 Bosporo

368 1805 488 1844 vetus
516 1815 692 1854 regnum
721 1814 852 1853 usque
880 1801 933 1843 ad
961 1801 1144 1844 desertas
1171 1802 1263 1844 illas
1278 1802 1466 1854 regiones
1483 1817 1606 1855 super
1620 1803 1806 1845 Maeotin

367 1872 506 1914 lacum
534 1871 763 1925 obtinebat,
792 1872 910 1926 alter,
926 1872 1172 1915 Ariarathes
1188 1872 1244 1927 3),
1259 1873 1421 1925 magnis
1435 1873 1561 1925 copiis
1576 1873 1799 1916 Thraciam

368 1947 410 1985 et
436 1941 726 1985 Macedoniam
753 1943 916 1984 invasit.
946 1942 1065 1985 Alias
1080 1943 1269 1995 regiones
1286 1943 1359 1985 alii
1376 1943 1501 1985 duces
1516 1943 1570 1985 ad
1583 1944 1804 1996 imperium

368 2013 669 2065 adiungebant:
698 2026 875 2065 quorum
903 2013 1092 2065 princeps
1121 2013 1363 2066 Archelaus,
1393 2018 1527 2056 totum
1540 2014 1670 2057 ferme
1684 2013 1801 2056 m'are

368 2085 569 2136 obtinens,
593 2085 748 2126 insulas
776 2083 981 2136 Cycladas
1009 2085 1192 2136 aliasque
1220 2085 1395 2137 subegit.
1424 2085 1581 2127 Aristio
1598 2085 1653 2138 4),
1669 2085 1801 2138 philo-

369 2155 519 2207 sophus
562 2169 616 2197 ex
656 2154 796 2197 schola
836 2155 1020 2208 Epicuri,
1056 2149 1296 2198 muneribus
1324 2156 1378 2198 ab
1405 2155 1613 2198 Archelao
1642 2160 1800 2209 captus,

367 2226 634 2278 tyrannidem
689 2226 869 2268 Athenis
926 2226 1156 2278 occupavit,
1198 2240 1324 2277 quam
1382 2226 1595 2268 civitatem
1650 2226 1800 2268 deinde

367 2297 421 2339 ad
461 2296 716 2339 Mithridatis
756 2300 895 2349 partes
937 2297 1155 2349 pertraxit,
1196 2296 1356 2338 civibus
1397 2296 1489 2338 aliis
1532 2296 1688 2349 occisis,
1732 2297 1803 2348 qui

368 2382 463 2410 cum
486 2364 495 2377 '
529 2367 730 2410 Romanis
785 2367 983 2416 fecerant,
1035 2368 1127 2409 aliis
1178 2366 1413 2408 Mithridati
1467 2366 1646 2409 traditis:
1704 2381 1800 2410 cum

367 2452 488 2490 porro
538 2437 661 2480 huius
701 2438 847 2490 opibus
886 2438 1056 2490 valeret,
1103 2437 1250 2479 urbem
1296 2437 1417 2479 facile
1459 2437 1535 2479 sub
1575 2437 1799 2490 tyrannide

367 2509 512 2551 tenuit.
540 2507 628 2551 Ubi
657 2508 890 2551 Archelaus
917 2509 960 2550 in
987 2508 1210 2551 Graeciam
1238 2507 1411 2560 traiecit,
1442 2507 1632 2550 Athenas
1655 2507 1797 2550 sedem

416 2698 450 2740 1)
476 2696 578 2732 Vell.
603 2696 689 2731 Pat.
714 2696 768 2731 Π.
798 2698 855 2731 18.

413 2762 450 2807 2)
477 2760 556 2795 Alii
580 2762 718 2802 80.000,
744 2760 811 2795 alii
836 2761 988 2795 150.000
1014 2771 1077 2795 eos
1103 2771 1262 2795 numero
1289 2759 1405 2795 fuisse
1431 2760 1605 2796 tradunt.

415 2826 449 2870 3)
475 2825 696 2871 Legendum
724 2825 896 2861 videtur:
921 2824 1122 2860 Arcathias
1147 2824 1245 2871 App.
1271 2824 1313 2859 B.
1341 2824 1395 2860 M.
1411 2826 1466 2863 35.
1479 2827 1536 2860 41.
1551 2825 1597 2861 cf.
1612 2837 1693 2872 cap.
1707 2825 1801 2863 XV.

414 2890 452 2936 4)
478 2889 708 2925 Posidonius
747 2890 850 2926 solus
889 2902 976 2925 eum
1010 2889 1266 2925 Athenionem
1291 2889 1591 2937 Peripateticum
1615 2889 1795 2938 appellat.
