<?xml version="1.0" encoding="UTF-8"?>
<!DOCTYPE html PUBLIC "-//W3C//DTD XHTML 1.0 Transitional//EN"
    "http://www.w3.org/TR/xhtml1/DTD/xhtml1-transitional.dtd">
<html xmlns="http://www.w3.org/1999/xhtml" xml:lang="en" lang="en">
 <head>
  <title>
</title>
<meta http-equiv="Content-Type" content="text/html;charset=utf-8" />
  <meta name='ocr-system' content='tesseract 3.04.00' />
  <meta name='ocr-capabilities' content='ocr_page ocr_carea ocr_par ocr_line ocrx_word'/>
</head>
<body>
  <div class='ocr_page' id='page_1' title='image "./observationesinp00oppeuoft_0074.png"; bbox 0 0 1988 3366; ppageno 0'>
   <div class='ocr_carea' id='block_1_1' title="bbox 1066 371 1117 419">
    <p class='ocr_par' dir='ltr' id='par_1_1' title="bbox 1066 371 1117 419">
     <span class='ocr_line' id='line_1_1' title="bbox 1066 371 1117 419; baseline -0.02 0"><span class='ocrx_word' id='word_1_1' title='bbox 1066 371 1117 419; x_wconf 75' lang='lat'>62</span> 
     </span>
    </p>
   </div>
   <div class='ocr_carea' id='block_1_2' title="bbox 378 562 1817 2452">
    <p class='ocr_par' dir='ltr' id='par_1_2' title="bbox 378 562 1817 2097">
     <span class='ocr_line' id='line_1_2' title="bbox 381 562 1813 614; baseline 0.001 -10"><span class='ocrx_word' id='word_1_2' title='bbox 381 562 618 604; x_wconf 72' lang='lat' dir='ltr'>Maedicam</span> <span class='ocrx_word' id='word_1_3' title='bbox 647 563 860 614; x_wconf 82' lang='lat' dir='ltr'>regionem</span> <span class='ocrx_word' id='word_1_4' title='bbox 890 562 1094 604; x_wconf 78' lang='lat' dir='ltr'>Thraciae</span> <span class='ocrx_word' id='word_1_5' title='bbox 1125 562 1353 614; x_wconf 87' lang='lat' dir='ltr'>profectum</span> <span class='ocrx_word' id='word_1_6' title='bbox 1381 566 1422 604; x_wconf 86' lang='lat' dir='ltr'>et</span> <span class='ocrx_word' id='word_1_7' title='bbox 1451 562 1561 614; x_wconf 85' lang='lat' dir='ltr'>agris</span> <span class='ocrx_word' id='word_1_8' title='bbox 1589 562 1813 605; x_wconf 84' lang='lat' dir='ltr'>devastatis</span> 
     </span>
     <span class='ocr_line' id='line_1_3' title="bbox 379 633 1812 685; baseline 0.001 -11"><span class='ocrx_word' id='word_1_9' title='bbox 379 634 421 675; x_wconf 91' lang='lat' dir='ltr'>in</span> <span class='ocrx_word' id='word_1_10' title='bbox 467 633 757 676; x_wconf 90' lang='lat' dir='ltr'>Macedoniam</span> <span class='ocrx_word' id='word_1_11' title='bbox 785 648 999 675; x_wconf 89' lang='lat' dir='ltr'>reversum</span> <span class='ocrx_word' id='word_1_12' title='bbox 1029 647 1128 675; x_wconf 88' lang='lat' dir='ltr'>esse.</span> <span class='ocrx_word' id='word_1_13' title='bbox 1185 633 1334 685; x_wconf 89' lang='lat' dir='ltr'>Itaque</span> <span class='ocrx_word' id='word_1_14' title='bbox 1364 633 1441 675; x_wconf 92' lang='lat' dir='ltr'>hoc</span> <span class='ocrx_word' id='word_1_15' title='bbox 1471 634 1561 675; x_wconf 92' lang='lat' dir='ltr'>loco</span> <span class='ocrx_word' id='word_1_16' title='bbox 1590 648 1660 675; x_wconf 88' lang='lat' dir='ltr'>eas</span> <span class='ocrx_word' id='word_1_17' title='bbox 1687 648 1812 685; x_wconf 85' lang='lat' dir='ltr'>expe-</span> 
     </span>
     <span class='ocr_line' id='line_1_4' title="bbox 381 703 1815 755; baseline 0.001 -10"><span class='ocrx_word' id='word_1_18' title='bbox 381 704 559 745; x_wconf 78' lang='lat' dir='ltr'>ditiones</span> <span class='ocrx_word' id='word_1_19' title='bbox 600 708 744 745; x_wconf 87' lang='lat' dir='ltr'>contra</span> <span class='ocrx_word' id='word_1_20' title='bbox 791 703 977 745; x_wconf 75' lang='lat' dir='ltr'>Thracas</span> <span class='ocrx_word' id='word_1_21' title='bbox 1019 708 1235 753; x_wconf 84' lang='lat' dir='ltr'>memorat,</span> <span class='ocrx_word' id='word_1_22' title='bbox 1277 718 1380 755; x_wconf 84' lang='lat' dir='ltr'>quas</span> <span class='ocrx_word' id='word_1_23' title='bbox 1422 704 1742 755; x_wconf 66' lang='lat' dir='ltr'>eum-Appiano</span> <span class='ocrx_word' id='word_1_24' title='bbox 1772 709 1815 746; x_wconf 91' lang='lat' dir='ltr'>et</span> 
     </span>
     <span class='ocr_line' id='line_1_5' title="bbox 378 774 1812 828; baseline 0.001 -12"><span class='ocrx_word' id='word_1_25' title='bbox 378 774 581 826; x_wconf 86' lang='lat' dir='ltr'>Eutropio</span> <span class='ocrx_word' id='word_1_26' title='bbox 625 779 715 826; x_wconf 89' lang='lat' dir='ltr'>post</span> <span class='ocrx_word' id='word_1_27' title='bbox 755 775 1005 825; x_wconf 82' lang='lat' dir='ltr'>colloquium</span> <span class='ocrx_word' id='word_1_28' title='bbox 1053 774 1272 816; x_wconf 85' lang='lat' dir='ltr'>Deliacum</span> <span class='ocrx_word' id='word_1_29' title='bbox 1317 774 1541 826; x_wconf 81' lang='lat' dir='ltr'>posuimus.</span> <span class='ocrx_word' id='word_1_30' title='bbox 1572 775 1640 828; x_wconf 90' lang='lat' dir='ltr'>(cf.</span> <span class='ocrx_word' id='word_1_31' title='bbox 1670 775 1812 827; x_wconf 83' lang='lat' dir='ltr'>supra)</span> 
     </span>
     <span class='ocr_line' id='line_1_6' title="bbox 379 846 1813 898; baseline 0 -10"><span class='ocrx_word' id='word_1_32' title='bbox 379 847 539 888; x_wconf 89' lang='lat' dir='ltr'>Auctor</span> <span class='ocrx_word' id='word_1_33' title='bbox 584 851 723 888; x_wconf 88' lang='lat' dir='ltr'>noster</span> <span class='ocrx_word' id='word_1_34' title='bbox 765 847 962 898; x_wconf 86' lang='lat' dir='ltr'>temporis</span> <span class='ocrx_word' id='word_1_35' title='bbox 1004 847 1208 888; x_wconf 84' lang='lat' dir='ltr'>rationem</span> <span class='ocrx_word' id='word_1_36' title='bbox 1255 860 1337 887; x_wconf 91' lang='lat' dir='ltr'>non</span> <span class='ocrx_word' id='word_1_37' title='bbox 1367 847 1606 888; x_wconf 83' lang='lat' dir='ltr'>observasse</span> <span class='ocrx_word' id='word_1_38' title='bbox 1637 846 1813 898; x_wconf 85' lang='lat' dir='ltr'>videtur,</span> 
     </span>
     <span class='ocr_line' id='line_1_7' title="bbox 379 917 1813 969; baseline -0.001 -11"><span class='ocrx_word' id='word_1_39' title='bbox 379 932 475 959; x_wconf 90' lang='lat' dir='ltr'>nam</span> <span class='ocrx_word' id='word_1_40' title='bbox 518 918 603 958; x_wconf 87' lang='lat' dir='ltr'>veri</span> <span class='ocrx_word' id='word_1_41' title='bbox 648 917 781 958; x_wconf 90' lang='lat' dir='ltr'>simile</span> <span class='ocrx_word' id='word_1_42' title='bbox 812 932 894 958; x_wconf 89' lang='lat' dir='ltr'>non</span> <span class='ocrx_word' id='word_1_43' title='bbox 929 921 990 958; x_wconf 84' lang='lat' dir='ltr'>est</span> <span class='ocrx_word' id='word_1_44' title='bbox 1020 917 1180 958; x_wconf 82' lang='lat' dir='ltr'>Sullam</span> <span class='ocrx_word' id='word_1_45' title='bbox 1212 931 1405 968; x_wconf 85' lang='lat' dir='ltr'>responso</span> <span class='ocrx_word' id='word_1_46' title='bbox 1433 917 1703 969; x_wconf 79' lang='lat' dir='ltr'>illo-accepto</span> <span class='ocrx_word' id='word_1_47' title='bbox 1731 930 1813 968; x_wconf 88' lang='lat' dir='ltr'>quo</span> 
     </span>
     <span class='ocr_line' id='line_1_8' title="bbox 380 987 1813 1039; baseline -0.001 -9"><span class='ocrx_word' id='word_1_48' title='bbox 380 1003 457 1030; x_wconf 83' lang='lat' dir='ltr'>rex</span> <span class='ocrx_word' id='word_1_49' title='bbox 499 990 610 1030; x_wconf 89' lang='lat' dir='ltr'>iussa</span> <span class='ocrx_word' id='word_1_50' title='bbox 652 1003 695 1030; x_wconf 87' lang='lat' dir='ltr'>se</span> <span class='ocrx_word' id='word_1_51' title='bbox 723 988 934 1030; x_wconf 85' lang='lat' dir='ltr'>facturum</span> <span class='ocrx_word' id='word_1_52' title='bbox 962 989 1155 1039; x_wconf 81' lang='lat' dir='ltr'>negabat,</span> <span class='ocrx_word' id='word_1_53' title='bbox 1185 992 1349 1039; x_wconf 87' lang='lat' dir='ltr'>tempus</span> <span class='ocrx_word' id='word_1_54' title='bbox 1373 988 1534 1030; x_wconf 75' lang='lat' dir='ltr'>trivisse</span> <span class='ocrx_word' id='word_1_55' title='bbox 1562 987 1813 1030; x_wconf 87' lang='lat' dir='ltr'>excursioni-</span> 
     </span>
     <span class='ocr_line' id='line_1_9' title="bbox 380 1053 1815 1111; baseline 0.001 -11"><span class='ocrx_word' id='word_1_56' title='bbox 380 1059 469 1111; x_wconf 86' lang='lat' dir='ltr'>bus,</span> <span class='ocrx_word' id='word_1_57' title='bbox 510 1074 616 1110; x_wconf 85' lang='lat' dir='ltr'>quae</span> <span class='ocrx_word' id='word_1_58' title='bbox 656 1059 715 1100; x_wconf 91' lang='lat' dir='ltr'>nil</span> <span class='ocrx_word' id='word_1_59' title='bbox 757 1059 809 1100; x_wconf 84' lang='lat' dir='ltr'>ad</span> <span class='ocrx_word' id='word_1_60' title='bbox 855 1060 1108 1111; x_wconf 87' lang='lat' dir='ltr'>propositum</span> <span class='ocrx_word' id='word_1_61' title='bbox 1155 1059 1431 1110; x_wconf 74' lang='lat' dir='ltr'>pertinebant.</span> <span class='ocrx_word' id='word_1_62' title='bbox 1487 1053 1638 1101; x_wconf 85' lang='lat' dir='ltr'>Nonne</span> <span class='ocrx_word' id='word_1_63' title='bbox 1676 1059 1815 1111; x_wconf 90' lang='lat' dir='ltr'>potius</span> 
     </span>
     <span class='ocr_line' id='line_1_10' title="bbox 379 1130 1815 1182; baseline 0.001 -11"><span class='ocrx_word' id='word_1_64' title='bbox 379 1131 479 1172; x_wconf 88' lang='lat' dir='ltr'>belli</span> <span class='ocrx_word' id='word_1_65' title='bbox 520 1131 628 1172; x_wconf 86' lang='lat' dir='ltr'>ratio</span> <span class='ocrx_word' id='word_1_66' title='bbox 654 1144 823 1182; x_wconf 88' lang='lat' dir='ltr'>poscere</span> <span class='ocrx_word' id='word_1_67' title='bbox 854 1130 1089 1178; x_wconf 75' lang='lat' dir='ltr'>videbatur,</span> <span class='ocrx_word' id='word_1_68' title='bbox 1118 1134 1165 1171; x_wconf 89' lang='lat' dir='ltr'>ut</span> <span class='ocrx_word' id='word_1_69' title='bbox 1193 1130 1272 1170; x_wconf 81' lang='lat' dir='ltr'>iter</span> <span class='ocrx_word' id='word_1_70' title='bbox 1301 1130 1344 1171; x_wconf 92' lang='lat' dir='ltr'>in</span> <span class='ocrx_word' id='word_1_71' title='bbox 1375 1130 1521 1171; x_wconf 80' lang='lat' dir='ltr'>Asiam</span> <span class='ocrx_word' id='word_1_72' title='bbox 1549 1144 1815 1182; x_wconf 86' lang='lat' dir='ltr'>persequere-</span> 
     </span>
     <span class='ocr_line' id='line_1_11' title="bbox 380 1200 1814 1252; baseline 0 -10"><span class='ocrx_word' id='word_1_73' title='bbox 380 1205 460 1251; x_wconf 92' lang='lat' dir='ltr'>tur,</span> <span class='ocrx_word' id='word_1_74' title='bbox 501 1201 534 1242; x_wconf 91' lang='lat' dir='ltr'>si</span> <span class='ocrx_word' id='word_1_75' title='bbox 577 1215 719 1252; x_wconf 83' lang='lat' dir='ltr'>regem</span> <span class='ocrx_word' id='word_1_76' title='bbox 766 1205 882 1242; x_wconf 89' lang='lat' dir='ltr'>metu</span> <span class='ocrx_word' id='word_1_77' title='bbox 927 1201 979 1242; x_wconf 87' lang='lat' dir='ltr'>ad</span> <span class='ocrx_word' id='word_1_78' title='bbox 1023 1214 1168 1251; x_wconf 83' lang='lat' dir='ltr'>pacem</span> <span class='ocrx_word' id='word_1_79' title='bbox 1211 1201 1460 1252; x_wconf 76' lang='lat' dir='ltr'>compellere</span> <span class='ocrx_word' id='word_1_80' title='bbox 1500 1201 1660 1242; x_wconf 82' lang='lat' dir='ltr'>vellet?</span> <span class='ocrx_word' id='word_1_81' title='bbox 1718 1200 1814 1242; x_wconf 83' lang='lat' dir='ltr'>Huc</span> 
     </span>
     <span class='ocr_line' id='line_1_12' title="bbox 381 1271 1815 1330; baseline 0 -17"><span class='ocrx_word' id='word_1_82' title='bbox 381 1272 621 1330; x_wconf 81' lang='lat' dir='ltr'>accedebat,</span> <span class='ocrx_word' id='word_1_83' title='bbox 665 1272 776 1323; x_wconf 90' lang='lat' dir='ltr'>quod</span> <span class='ocrx_word' id='word_1_84' title='bbox 820 1272 985 1313; x_wconf 84' lang='lat' dir='ltr'>etiamsi</span> <span class='ocrx_word' id='word_1_85' title='bbox 1032 1287 1113 1322; x_wconf 80' lang='lat' dir='ltr'>pax</span> <span class='ocrx_word' id='word_1_86' title='bbox 1154 1286 1249 1313; x_wconf 89' lang='lat' dir='ltr'>cum</span> <span class='ocrx_word' id='word_1_87' title='bbox 1295 1271 1539 1313; x_wconf 85' lang='lat' dir='ltr'>Mithridate</span> <span class='ocrx_word' id='word_1_88' title='bbox 1569 1271 1680 1313; x_wconf 85' lang='lat' dir='ltr'>facta</span> <span class='ocrx_word' id='word_1_89' title='bbox 1707 1276 1815 1313; x_wconf 87' lang='lat' dir='ltr'>esset</span> 
     </span>
     <span class='ocr_line' id='line_1_13' title="bbox 380 1342 1815 1394; baseline -0.001 -10"><span class='ocrx_word' id='word_1_90' title='bbox 380 1348 523 1384; x_wconf 88' lang='lat' dir='ltr'>tamen</span> <span class='ocrx_word' id='word_1_91' title='bbox 553 1343 597 1384; x_wconf 91' lang='lat' dir='ltr'>in</span> <span class='ocrx_word' id='word_1_92' title='bbox 627 1344 772 1384; x_wconf 81' lang='lat' dir='ltr'>Asiam</span> <span class='ocrx_word' id='word_1_93' title='bbox 804 1343 1004 1394; x_wconf 89' lang='lat' dir='ltr'>proficisci</span> <span class='ocrx_word' id='word_1_94' title='bbox 1023 1343 1325 1394; x_wconf 86' lang='lat' dir='ltr'>properandum</span> <span class='ocrx_word' id='word_1_95' title='bbox 1343 1347 1444 1384; x_wconf 86' lang='lat' dir='ltr'>erat.</span> <span class='ocrx_word' id='word_1_96' title='bbox 1501 1342 1690 1384; x_wconf 88' lang='lat' dir='ltr'>Fimbria</span> <span class='ocrx_word' id='word_1_97' title='bbox 1703 1343 1815 1384; x_wconf 91' lang='lat' dir='ltr'>enim</span> 
     </span>
     <span class='ocr_line' id='line_1_14' title="bbox 380 1412 1815 1465; baseline -0.001 -10"><span class='ocrx_word' id='word_1_98' title='bbox 380 1413 603 1465; x_wconf 87' lang='lat' dir='ltr'>indevicto,</span> <span class='ocrx_word' id='word_1_99' title='bbox 633 1414 719 1465; x_wconf 88' lang='lat' dir='ltr'>ipse</span> <span class='ocrx_word' id='word_1_100' title='bbox 748 1414 792 1455; x_wconf 90' lang='lat' dir='ltr'>in</span> <span class='ocrx_word' id='word_1_101' title='bbox 821 1413 991 1455; x_wconf 88' lang='lat' dir='ltr'>Italiam</span> <span class='ocrx_word' id='word_1_102' title='bbox 1016 1415 1171 1455; x_wconf 87' lang='lat' dir='ltr'>reverti</span> <span class='ocrx_word' id='word_1_103' title='bbox 1198 1428 1281 1455; x_wconf 89' lang='lat' dir='ltr'>non</span> <span class='ocrx_word' id='word_1_104' title='bbox 1311 1414 1456 1465; x_wconf 86' lang='lat' dir='ltr'>potuit.</span> <span class='ocrx_word' id='word_1_105' title='bbox 1503 1412 1588 1455; x_wconf 83' lang='lat' dir='ltr'>Cur</span> <span class='ocrx_word' id='word_1_106' title='bbox 1616 1414 1743 1465; x_wconf 87' lang='lat' dir='ltr'>igitur</span> <span class='ocrx_word' id='word_1_107' title='bbox 1770 1414 1815 1455; x_wconf 91' lang='lat' dir='ltr'>in</span> 
     </span>
     <span class='ocr_line' id='line_1_15' title="bbox 381 1484 1816 1536; baseline 0 -10"><span class='ocrx_word' id='word_1_108' title='bbox 381 1484 627 1526; x_wconf 86' lang='lat' dir='ltr'>Macedonia</span> <span class='ocrx_word' id='word_1_109' title='bbox 680 1485 982 1526; x_wconf 78' lang='lat' dir='ltr'>remansisset?</span> <span class='ocrx_word' id='word_1_110' title='bbox 1065 1485 1202 1535; x_wconf 85' lang='lat' dir='ltr'>Magis</span> <span class='ocrx_word' id='word_1_111' title='bbox 1259 1484 1442 1536; x_wconf 88' lang='lat' dir='ltr'>profecto</span> <span class='ocrx_word' id='word_1_112' title='bbox 1498 1484 1666 1536; x_wconf 87' lang='lat' dir='ltr'>placent</span> <span class='ocrx_word' id='word_1_113' title='bbox 1708 1498 1816 1535; x_wconf 87' lang='lat' dir='ltr'>quae</span> 
     </span>
     <span class='ocr_line' id='line_1_16' title="bbox 382 1554 1816 1607; baseline -0.001 -11"><span class='ocrx_word' id='word_1_114' title='bbox 382 1555 599 1607; x_wconf 87' lang='lat' dir='ltr'>Appianus</span> <span class='ocrx_word' id='word_1_115' title='bbox 639 1555 687 1596; x_wconf 90' lang='lat' dir='ltr'>B.</span> <span class='ocrx_word' id='word_1_116' title='bbox 719 1555 775 1596; x_wconf 92' lang='lat' dir='ltr'>M.</span> <span class='ocrx_word' id='word_1_117' title='bbox 807 1557 857 1596; x_wconf 81' lang='lat'>56</span> <span class='ocrx_word' id='word_1_118' title='bbox 888 1555 1040 1596; x_wconf 83' lang='lat' dir='ltr'>tradit:</span> <span class='ocrx_word' id='word_1_119' title='bbox 1096 1555 1207 1596; x_wconf 87' lang='lat' dir='ltr'>Eum</span> <span class='ocrx_word' id='word_1_120' title='bbox 1237 1555 1384 1606; x_wconf 84' lang='lat' dir='ltr'>legatis</span> <span class='ocrx_word' id='word_1_121' title='bbox 1413 1554 1590 1596; x_wconf 85' lang='lat' dir='ltr'>dimissis</span> <span class='ocrx_word' id='word_1_122' title='bbox 1619 1555 1816 1607; x_wconf 84' lang='lat' dir='ltr'>Cypsella</span> 
     </span>
     <span class='ocr_line' id='line_1_17' title="bbox 383 1625 1815 1678; baseline 0.001 -12"><span class='ocrx_word' id='word_1_123' title='bbox 383 1640 455 1677; x_wconf 86' lang='lat' dir='ltr'>per</span> <span class='ocrx_word' id='word_1_124' title='bbox 483 1625 705 1667; x_wconf 83' lang='lat' dir='ltr'>Thraciam</span> <span class='ocrx_word' id='word_1_125' title='bbox 736 1625 966 1677; x_wconf 85' lang='lat' dir='ltr'>profectum</span> <span class='ocrx_word' id='word_1_126' title='bbox 997 1640 1095 1678; x_wconf 88' lang='lat' dir='ltr'>esse,</span> <span class='ocrx_word' id='word_1_127' title='bbox 1125 1630 1344 1677; x_wconf 84' lang='lat' dir='ltr'>postquam</span> <span class='ocrx_word' id='word_1_128' title='bbox 1359 1625 1598 1678; x_wconf 88' lang='lat' dir='ltr'>Lucullum,</span> <span class='ocrx_word' id='word_1_129' title='bbox 1621 1626 1693 1676; x_wconf 89' lang='lat' dir='ltr'>qui</span> <span class='ocrx_word' id='word_1_130' title='bbox 1712 1625 1815 1668; x_wconf 84' lang='lat' dir='ltr'>clas-</span> 
     </span>
     <span class='ocr_line' id='line_1_18' title="bbox 382 1696 1817 1749; baseline 0 -10"><span class='ocrx_word' id='word_1_131' title='bbox 382 1712 468 1739; x_wconf 88' lang='lat' dir='ltr'>sem</span> <span class='ocrx_word' id='word_1_132' title='bbox 506 1697 742 1748; x_wconf 80' lang='lat' dir='ltr'>collegerat,</span> <span class='ocrx_word' id='word_1_133' title='bbox 787 1697 989 1748; x_wconf 89' lang='lat' dir='ltr'>Abydum</span> <span class='ocrx_word' id='word_1_134' title='bbox 1033 1698 1310 1748; x_wconf 86' lang='lat' dir='ltr'>praemisisset</span> <span class='ocrx_word' id='word_1_135' title='bbox 1347 1701 1472 1748; x_wconf 84' lang='lat' dir='ltr'>atque</span> <span class='ocrx_word' id='word_1_136' title='bbox 1500 1697 1543 1739; x_wconf 91' lang='lat' dir='ltr'>in</span> <span class='ocrx_word' id='word_1_137' title='bbox 1574 1697 1676 1739; x_wconf 84' lang='lat' dir='ltr'>urbe</span> <span class='ocrx_word' id='word_1_138' title='bbox 1705 1696 1817 1749; x_wconf 83' lang='lat' dir='ltr'>Cyp-</span> 
     </span>
     <span class='ocr_line' id='line_1_19' title="bbox 383 1768 1817 1820; baseline 0.001 -11"><span class='ocrx_word' id='word_1_139' title='bbox 383 1769 495 1809; x_wconf 85' lang='lat' dir='ltr'>sellis</span> <span class='ocrx_word' id='word_1_140' title='bbox 542 1769 580 1820; x_wconf 89' lang='lat'>1)</span> <span class='ocrx_word' id='word_1_141' title='bbox 611 1768 867 1810; x_wconf 85' lang='lat' dir='ltr'>Archelaum</span> <span class='ocrx_word' id='word_1_142' title='bbox 898 1782 951 1810; x_wconf 82' lang='lat' dir='ltr'>ex</span> <span class='ocrx_word' id='word_1_143' title='bbox 980 1769 1083 1810; x_wconf 89' lang='lat' dir='ltr'>Asia</span> <span class='ocrx_word' id='word_1_144' title='bbox 1112 1783 1324 1812; x_wconf 82' lang='lat' dir='ltr'>reversum</span> <span class='ocrx_word' id='word_1_145' title='bbox 1347 1769 1609 1810; x_wconf 87' lang='lat' dir='ltr'>convenisse:</span> <span class='ocrx_word' id='word_1_146' title='bbox 1638 1768 1735 1810; x_wconf 88' lang='lat' dir='ltr'>inde</span> <span class='ocrx_word' id='word_1_147' title='bbox 1763 1768 1817 1810; x_wconf 89' lang='lat' dir='ltr'>ad</span> 
     </span>
     <span class='ocr_line' id='line_1_20' title="bbox 382 1837 1816 1890; baseline 0.002 -11"><span class='ocrx_word' id='word_1_148' title='bbox 382 1839 635 1890; x_wconf 84' lang='lat' dir='ltr'>colloquium</span> <span class='ocrx_word' id='word_1_149' title='bbox 676 1854 770 1880; x_wconf 90' lang='lat' dir='ltr'>cum</span> <span class='ocrx_word' id='word_1_150' title='bbox 816 1853 913 1886; x_wconf 67' lang='lat' dir='ltr'>rege</span> <span class='ocrx_word' id='word_1_151' title='bbox 961 1841 1170 1890; x_wconf 88' lang='lat' dir='ltr'>profectus</span> <span class='ocrx_word' id='word_1_152' title='bbox 1213 1844 1286 1881; x_wconf 87' lang='lat' dir='ltr'>est.</span> <span class='ocrx_word' id='word_1_153' title='bbox 1342 1839 1504 1883; x_wconf 66' lang='grc' dir='ltr'><em>Σύλλοις</em></span> <span class='ocrx_word' id='word_1_154' title='bbox 1545 1839 1617 1890; x_wconf 77' lang='grc' dir='ltr'>μὲν</span> <span class='ocrx_word' id='word_1_155' title='bbox 1647 1837 1706 1881; x_wconf 79' lang='grc' dir='ltr'>οὖν</span> <span class='ocrx_word' id='word_1_156' title='bbox 1735 1839 1816 1882; x_wconf 70' lang='grc' dir='ltr'>ἀπὸ</span> 
     </span>
     <span class='ocr_line' id='line_1_21' title="bbox 383 1908 1816 1962; baseline 0.001 -12"><span class='ocrx_word' id='word_1_157' title='bbox 383 1909 598 1962; x_wconf 78' lang='grc' dir='ltr'><em>Κυψέλλων</em></span> <span class='ocrx_word' id='word_1_158' title='bbox 626 1909 691 1950; x_wconf 69' lang='lat' dir='ltr'>nx}</span> <span class='ocrx_word' id='word_1_159' title='bbox 720 1908 955 1962; x_wconf 64' lang='grc' dir='ltr'>Μιθριδάτης</span> <span class='ocrx_word' id='word_1_160' title='bbox 990 1910 1033 1951; x_wconf 81' lang='grc' dir='ltr'>ἐκ</span> <span class='ocrx_word' id='word_1_161' title='bbox 1062 1908 1275 1962; x_wconf 67' lang='grc' dir='ltr'>Περγάμου</span> <span class='ocrx_word' id='word_1_162' title='bbox 1306 1916 1472 1962; x_wconf 67' lang='grc' dir='ltr'>συνῇσαν</span> <span class='ocrx_word' id='word_1_163' title='bbox 1489 1908 1592 1956; x_wconf 66' lang='grc' dir='ltr'><em>αὖθις</em></span> <span class='ocrx_word' id='word_1_164' title='bbox 1611 1910 1649 1956; x_wconf 80' lang='grc' dir='ltr'>ἐς</span> <span class='ocrx_word' id='word_1_165' title='bbox 1666 1909 1816 1960; x_wconf 69' lang='grc' dir='ltr'><em>λόγους.</em></span> 
     </span>
     <span class='ocr_line' id='line_1_22' title="bbox 381 1975 1814 2019; baseline 0.001 -3"><span class='ocrx_word' id='word_1_166' title='bbox 381 1975 614 2017; x_wconf 85' lang='lat' dir='ltr'>Archelaus</span> <span class='ocrx_word' id='word_1_167' title='bbox 656 1980 799 2016; x_wconf 86' lang='lat' dir='ltr'>autem</span> <span class='ocrx_word' id='word_1_168' title='bbox 835 1976 871 2016; x_wconf 92' lang='lat' dir='ltr'>ei</span> <span class='ocrx_word' id='word_1_169' title='bbox 913 1976 1170 2017; x_wconf 82' lang='lat' dir='ltr'>renuntiavit</span> <span class='ocrx_word' id='word_1_170' title='bbox 1198 1976 1338 2017; x_wconf 84' lang='lat' dir='ltr'>omnia</span> <span class='ocrx_word' id='word_1_171' title='bbox 1366 1990 1420 2017; x_wconf 85' lang='lat' dir='ltr'>ex</span> <span class='ocrx_word' id='word_1_172' title='bbox 1448 1976 1576 2017; x_wconf 87' lang='lat' dir='ltr'>animi</span> <span class='ocrx_word' id='word_1_173' title='bbox 1606 1977 1814 2019; x_wconf 85' lang='lat' dir='ltr'>sententia</span> 
     </span>
     <span class='ocr_line' id='line_1_23' title="bbox 381 2045 1501 2097; baseline 0 -11"><span class='ocrx_word' id='word_1_174' title='bbox 381 2059 480 2095; x_wconf 89' lang='lat' dir='ltr'>esse,</span> <span class='ocrx_word' id='word_1_175' title='bbox 511 2045 883 2097; x_wconf 87' lang='lat' dir='ltr'>Mithridatemque</span> <span class='ocrx_word' id='word_1_176' title='bbox 912 2046 1036 2087; x_wconf 84' lang='lat' dir='ltr'>enixe</span> <span class='ocrx_word' id='word_1_177' title='bbox 1065 2046 1319 2097; x_wconf 88' lang='lat' dir='ltr'>colloquium</span> <span class='ocrx_word' id='word_1_178' title='bbox 1349 2050 1501 2095; x_wconf 86' lang='lat' dir='ltr'>petere.</span> 
     </span>
    </p>

    <p class='ocr_par' dir='ltr' id='par_1_3' title="bbox 382 2116 1816 2452">
     <span class='ocr_line' id='line_1_24' title="bbox 439 2116 1816 2170; baseline 0.002 -13"><span class='ocrx_word' id='word_1_179' title='bbox 439 2117 533 2158; x_wconf 80' lang='lat' dir='ltr'>Rex</span> <span class='ocrx_word' id='word_1_180' title='bbox 583 2131 675 2157; x_wconf 89' lang='lat' dir='ltr'>vero</span> <span class='ocrx_word' id='word_1_181' title='bbox 720 2131 801 2158; x_wconf 90' lang='lat' dir='ltr'>non</span> <span class='ocrx_word' id='word_1_182' title='bbox 842 2116 975 2158; x_wconf 85' lang='lat' dir='ltr'>solum</span> <span class='ocrx_word' id='word_1_183' title='bbox 1003 2118 1199 2170; x_wconf 89' lang='lat' dir='ltr'>periculo,</span> <span class='ocrx_word' id='word_1_184' title='bbox 1227 2117 1337 2168; x_wconf 86' lang='lat' dir='ltr'>quod</span> <span class='ocrx_word' id='word_1_185' title='bbox 1365 2118 1403 2158; x_wconf 88' lang='lat' dir='ltr'>ei</span> <span class='ocrx_word' id='word_1_186' title='bbox 1434 2132 1459 2158; x_wconf 91' lang='lat' dir='ltr'>a</span> <span class='ocrx_word' id='word_1_187' title='bbox 1490 2117 1607 2159; x_wconf 82' lang='lat' dir='ltr'>Sulla</span> <span class='ocrx_word' id='word_1_188' title='bbox 1635 2118 1816 2160; x_wconf 79' lang='lat' dir='ltr'>intenta·</span> 
     </span>
     <span class='ocr_line' id='line_1_25' title="bbox 383 2187 1815 2240; baseline 0.001 -12"><span class='ocrx_word' id='word_1_189' title='bbox 383 2187 519 2240; x_wconf 84' lang='lat' dir='ltr'>batur,</span> <span class='ocrx_word' id='word_1_190' title='bbox 564 2187 617 2228; x_wconf 90' lang='lat' dir='ltr'>ad</span> <span class='ocrx_word' id='word_1_191' title='bbox 652 2201 797 2238; x_wconf 86' lang='lat' dir='ltr'>pacem</span> <span class='ocrx_word' id='word_1_192' title='bbox 825 2188 1061 2239; x_wconf 87' lang='lat' dir='ltr'>compulsus</span> <span class='ocrx_word' id='word_1_193' title='bbox 1090 2192 1165 2238; x_wconf 82' lang='lat' dir='ltr'>cst,</span> <span class='ocrx_word' id='word_1_194' title='bbox 1194 2187 1265 2229; x_wconf 90' lang='lat' dir='ltr'>sed</span> <span class='ocrx_word' id='word_1_195' title='bbox 1294 2188 1422 2229; x_wconf 87' lang='lat' dir='ltr'>etiam</span> <span class='ocrx_word' id='word_1_196' title='bbox 1451 2188 1670 2230; x_wconf 82' lang='lat' dir='ltr'>Fimbriae</span> <span class='ocrx_word' id='word_1_197' title='bbox 1698 2193 1815 2230; x_wconf 87' lang='lat' dir='ltr'>metu</span> 
     </span>
     <span class='ocr_line' id='line_1_26' title="bbox 382 2258 1815 2311; baseline 0.001 -12"><span class='ocrx_word' id='word_1_198' title='bbox 382 2258 453 2309; x_wconf 81' lang='lat' dir='ltr'>qui</span> <span class='ocrx_word' id='word_1_199' title='bbox 481 2259 569 2299; x_wconf 87' lang='lat' dir='ltr'>eius</span> <span class='ocrx_word' id='word_1_200' title='bbox 596 2259 734 2310; x_wconf 86' lang='lat' dir='ltr'>copias</span> <span class='ocrx_word' id='word_1_201' title='bbox 762 2259 994 2311; x_wconf 82' lang='lat' dir='ltr'>fugaverat,</span> <span class='ocrx_word' id='word_1_202' title='bbox 1024 2259 1172 2300; x_wconf 89' lang='lat' dir='ltr'>deinde</span> <span class='ocrx_word' id='word_1_203' title='bbox 1200 2260 1334 2310; x_wconf 89' lang='lat' dir='ltr'>ipsum</span> <span class='ocrx_word' id='word_1_204' title='bbox 1364 2259 1417 2300; x_wconf 89' lang='lat' dir='ltr'>ad</span> <span class='ocrx_word' id='word_1_205' title='bbox 1435 2260 1631 2301; x_wconf 83' lang='lat' dir='ltr'>Pitanem</span> <span class='ocrx_word' id='word_1_206' title='bbox 1652 2259 1815 2302; x_wconf 87' lang='lat' dir='ltr'>obsedit</span> 
     </span>
     <span class='ocr_line' id='line_1_27' title="bbox 384 2330 1813 2383; baseline 0.001 -13"><span class='ocrx_word' id='word_1_207' title='bbox 384 2334 426 2370; x_wconf 89' lang='lat' dir='ltr'>et</span> <span class='ocrx_word' id='word_1_208' title='bbox 467 2330 647 2381; x_wconf 89' lang='lat' dir='ltr'>profecto</span> <span class='ocrx_word' id='word_1_209' title='bbox 689 2331 874 2383; x_wconf 87' lang='lat' dir='ltr'>cepisset,</span> <span class='ocrx_word' id='word_1_210' title='bbox 915 2331 948 2371; x_wconf 90' lang='lat' dir='ltr'>si</span> <span class='ocrx_word' id='word_1_211' title='bbox 990 2330 1191 2372; x_wconf 91' lang='lat' dir='ltr'>Lucullus</span> <span class='ocrx_word' id='word_1_212' title='bbox 1219 2330 1410 2372; x_wconf 89' lang='lat' dir='ltr'>civilibus</span> <span class='ocrx_word' id='word_1_213' title='bbox 1440 2330 1654 2372; x_wconf 88' lang='lat' dir='ltr'>discordiis</span> <span class='ocrx_word' id='word_1_214' title='bbox 1680 2331 1813 2383; x_wconf 88' lang='lat' dir='ltr'>reipu-</span> 
     </span>
     <span class='ocr_line' id='line_1_28' title="bbox 386 2400 1064 2452; baseline 0.001 -11"><span class='ocrx_word' id='word_1_215' title='bbox 386 2400 517 2442; x_wconf 90' lang='lat' dir='ltr'>blicae</span> <span class='ocrx_word' id='word_1_216' title='bbox 545 2415 689 2442; x_wconf 89' lang='lat' dir='ltr'>curam</span> <span class='ocrx_word' id='word_1_217' title='bbox 717 2401 982 2452; x_wconf 84' lang='lat' dir='ltr'>praetulisset</span> <span class='ocrx_word' id='word_1_218' title='bbox 1009 2402 1064 2450; x_wconf 83' lang='lat'>2).</span> 
     </span>
    </p>
   </div>
   <div class='ocr_carea' id='block_1_3' title="bbox 436 2817 1343 2866">
    <p class='ocr_par' dir='ltr' id='par_1_4' title="bbox 436 2817 1343 2866">
     <span class='ocr_line' id='line_1_29' title="bbox 436 2817 1343 2866; baseline 0 -13"><span class='ocrx_word' id='word_1_219' title='bbox 436 2821 468 2859; x_wconf 91' lang='grc'>1)</span> <span class='ocrx_word' id='word_1_220' title='bbox 495 2819 580 2853; x_wconf 88' lang='lat' dir='ltr'>Hoc</span> <span class='ocrx_word' id='word_1_221' title='bbox 607 2832 706 2854; x_wconf 75' lang='lat' dir='ltr'>enim</span> <span class='ocrx_word' id='word_1_222' title='bbox 732 2832 778 2854; x_wconf 80' lang='lat' dir='ltr'>ex</span> <span class='ocrx_word' id='word_1_223' title='bbox 808 2820 904 2866; x_wconf 79' lang='lat' dir='ltr'>App.</span> <span class='ocrx_word' id='word_1_224' title='bbox 933 2820 956 2855; x_wconf 89' lang='lat' dir='ltr'>l.</span> <span class='ocrx_word' id='word_1_225' title='bbox 983 2820 1006 2854; x_wconf 91' lang='lat' dir='ltr'>l.</span> <span class='ocrx_word' id='word_1_226' title='bbox 1035 2820 1213 2864; x_wconf 69' lang='lat' dir='ltr'>colligere</span> <span class='ocrx_word' id='word_1_227' title='bbox 1242 2817 1343 2854; x_wconf 81' lang='lat' dir='ltr'>licet.</span> 
     </span>
    </p>
   </div>
   <div class='ocr_carea' id='block_1_4' title="bbox 389 2884 1810 2977">
    <p class='ocr_par' dir='ltr' id='par_1_5' title="bbox 389 2884 1810 2977">
     <span class='ocr_line' id='line_1_30' title="bbox 437 2884 1810 2931; baseline 0.002 -13"><span class='ocrx_word' id='word_1_228' title='bbox 437 2884 470 2927; x_wconf 77' lang='lat'>2)</span> <span class='ocrx_word' id='word_1_229' title='bbox 498 2884 605 2919; x_wconf 87' lang='lat' dir='ltr'>Oros.</span> <span class='ocrx_word' id='word_1_230' title='bbox 638 2884 704 2918; x_wconf 75' lang='lat' dir='ltr'>VI.</span> <span class='ocrx_word' id='word_1_231' title='bbox 731 2886 761 2919; x_wconf 81' lang='lat'>2.</span> <span class='ocrx_word' id='word_1_232' title='bbox 791 2884 895 2919; x_wconf 79' lang='lat' dir='ltr'>Plut.</span> <span class='ocrx_word' id='word_1_233' title='bbox 927 2884 1018 2920; x_wconf 82' lang='lat' dir='ltr'>Luc.</span> <span class='ocrx_word' id='word_1_234' title='bbox 1050 2886 1081 2919; x_wconf 81' lang='grc'>3.</span> <span class='ocrx_word' id='word_1_235' title='bbox 1112 2885 1210 2919; x_wconf 86' lang='lat' dir='ltr'>Vcll.</span> <span class='ocrx_word' id='word_1_236' title='bbox 1241 2885 1294 2919; x_wconf 83' lang='grc' dir='ltr'>Π.</span> <span class='ocrx_word' id='word_1_237' title='bbox 1323 2886 1379 2919; x_wconf 85' lang='grc'>28.</span> <span class='ocrx_word' id='word_1_238' title='bbox 1408 2884 1489 2919; x_wconf 85' lang='lat' dir='ltr'>Liv.</span> <span class='ocrx_word' id='word_1_239' title='bbox 1518 2885 1588 2931; x_wconf 89' lang='lat' dir='ltr'>Ep.</span> <span class='ocrx_word' id='word_1_240' title='bbox 1622 2886 1677 2920; x_wconf 83' lang='lat'>82.</span> <span class='ocrx_word' id='word_1_241' title='bbox 1706 2884 1810 2923; x_wconf 86' lang='lat' dir='ltr'>Phn,</span> 
     </span>
     <span class='ocr_line' id='line_1_31' title="bbox 389 2931 1317 2977; baseline 0.001 -12"><span class='ocrx_word' id='word_1_242' title='bbox 389 2931 436 2965; x_wconf 92' lang='lat' dir='ltr'>V.</span> <span class='ocrx_word' id='word_1_243' title='bbox 465 2932 519 2965; x_wconf 76' lang='lat'>32.</span> <span class='ocrx_word' id='word_1_244' title='bbox 548 2932 645 2977; x_wconf 81' lang='lat' dir='ltr'>App.</span> <span class='ocrx_word' id='word_1_245' title='bbox 671 2932 703 2966; x_wconf 84' lang='lat' dir='ltr'>B</span> <span class='ocrx_word' id='word_1_246' title='bbox 742 2932 797 2966; x_wconf 89' lang='lat' dir='ltr'>M.</span> <span class='ocrx_word' id='word_1_247' title='bbox 826 2934 879 2966; x_wconf 75' lang='lat'>52.</span> <span class='ocrx_word' id='word_1_248' title='bbox 913 2933 1027 2967; x_wconf 76' lang='lat' dir='ltr'>Auct.</span> <span class='ocrx_word' id='word_1_249' title='bbox 1055 2933 1101 2967; x_wconf 88' lang='lat' dir='ltr'>dc</span> <span class='ocrx_word' id='word_1_250' title='bbox 1131 2933 1175 2967; x_wconf 92' lang='lat' dir='ltr'>V.</span> <span class='ocrx_word' id='word_1_251' title='bbox 1204 2933 1234 2967; x_wconf 81' lang='lat' dir='ltr'>I.</span> <span class='ocrx_word' id='word_1_252' title='bbox 1261 2933 1317 2968; x_wconf 81' lang='lat'>70.</span> 
     </span>
    </p>
   </div>
  </div>
 </body>
</html>
