1988 3366
1062 324 1113 365 ‘14

366 504 487 558 viros,
513 504 667 556 optime
697 504 748 547 de
775 505 912 557 patria
940 506 1122 559 meritos,
1151 510 1392 560 exterarum
1407 508 1596 560 gentium
1612 509 1798 562 victores,

363 574 588 617 crudeliter
628 574 953 629 trucidaverant,
995 577 1068 628 qui
1111 591 1185 628 per
1219 577 1401 629 quinque
1447 577 1535 621 dies
1576 583 1800 632 noctesque

365 642 408 687 in
447 645 635 687 consules
678 649 721 687 et
761 647 916 688 amicos
958 646 1046 689 eius
1086 647 1226 689 omnia
1253 648 1410 690 scelera
1437 653 1479 691 et
1506 649 1665 701 flagitia
1695 650 1800 693 sece-

362 719 457 757 rant
496 716 611 769 (85):
659 716 747 768 ipse
775 717 902 759 etiam
930 731 1173 769 persuasum
1203 718 1388 761 habebat
1415 733 1486 761 eos
1512 718 1591 762 sibi
1622 720 1800 763 vicissim

363 786 647 839 implacabiles
675 801 777 830 esse.

415 857 600 911 Legatos
635 872 736 902 vero
765 858 890 913 misit,
919 873 972 902 ne
1000 863 1145 903 auctor
1171 861 1270 907 belli
1298 861 1511 904 videretur
1538 862 1801 915 militumque

362 927 521 970 animos
547 928 814 971 incenderet:
844 930 912 971 vel
940 930 1066 972 etiam
1095 931 1290 983 sperabat
1316 946 1405 975 sese
1433 932 1679 975 Norbanum
1706 947 1802 985 cap-

361 1002 515 1051 turum,
545 1003 591 1040 ut
622 1004 763 1050 postea
791 999 1027 1052 Scipionem
1057 1001 1346 1044 circumvenit.

415 1069 497 1111 Sed
523 1069 576 1112 ad
606 1085 788 1123 pugnam
817 1075 1089 1113 revertamur.
1120 1071 1237 1114 Sulla
1256 1073 1387 1115 victor
1404 1073 1564 1115 exstitit
1582 1078 1624 1114 et
1639 1077 1799 1126 septem

359 1140 528 1183 milibus
571 1141 786 1183 hominum
829 1156 883 1184 ex
927 1142 1113 1185 hostibus
1156 1144 1300 1186 occisis
1341 1144 1587 1187 Norbanum
1631 1144 1800 1197 Capuae

360 1211 538 1254 inclusit.
569 1211 613 1254 Si
643 1212 836 1265 Appiano
868 1213 918 1255 B.
948 1213 994 1256 O.
1017 1215 1069 1256 82
1083 1214 1303 1268 credimus,
1319 1229 1395 1258 sex
1409 1216 1524 1257 milia
1537 1216 1592 1258 ab
1609 1217 1799 1259 exercitu

361 1282 539 1325 consulis
578 1283 829 1337 ceciderunt,
858 1298 954 1326 cum
983 1298 1065 1336 quo
1092 1286 1285 1328 convenit
1312 1285 1540 1338 Eutropius
1568 1287 1622 1329 V.
1653 1289 1689 1329 7.
1725 1287 1800 1339 qui

361 1353 477 1395 addit
516 1367 591 1396 sex
618 1354 733 1396 milia
762 1368 849 1396 esse
879 1358 1011 1407 capta.
1066 1355 1236 1398 Orosius
1274 1360 1419 1399 contra
1446 1371 1541 1399 cum
1572 1357 1799 1400 Plutarcho

361 1425 402 1467 in
441 1438 614 1467 numero
642 1425 870 1467 occisorum
898 1426 1102 1469 consentit
1136 1426 1207 1479 (V.
1237 1427 1318 1478 20).
1362 1427 1523 1469 Auctor
1552 1433 1690 1470 noster
1716 1442 1799 1470 non

361 1494 499 1543 refert,
540 1499 640 1547 quot
684 1495 801 1538 Sulla
837 1497 1036 1538 amiserit.
1090 1496 1319 1550 Eutropius
1349 1502 1391 1540 et
1418 1497 1588 1540 Orosius
1612 1498 1639 1540 l.
1668 1498 1696 1540 l.
1723 1512 1798 1541 nos

362 1564 511 1607 docent
538 1580 635 1608 eum
662 1570 825 1609 tantum
857 1572 1023 1609 centum
1055 1568 1203 1619 viginti
1232 1574 1412 1620 quatuor
1440 1583 1608 1611 suorum
1637 1569 1797 1611 deside-

360 1650 483 1678 rasse.
512 1637 731 1689 Appianas
757 1637 784 1681 l.
804 1638 831 1679 1.
860 1652 1083 1680 numerum
1112 1638 1240 1680 etiam
1260 1639 1463 1681 minorem
1478 1640 1594 1691 ponit
1610 1640 1793 1682 scribens

361 1708 625 1760 septuaginta
674 1708 826 1751 occisos
877 1722 978 1762 esse,
1019 1722 1220 1762 magnum
1265 1723 1362 1751 vero
1403 1724 1624 1753 numerum
1666 1710 1792 1753 fuisse

361 1792 509 1820 eorum
536 1778 608 1830 qui
636 1779 981 1822 vulnerabantur.

414 1849 514 1891 Post
557 1849 772 1892 victoriam
814 1849 931 1892 Sulla
970 1851 1099 1903 gratis
1143 1851 1304 1893 Dianae
1346 1851 1462 1893 cuius
1490 1852 1648 1894 numini
1679 1852 1792 1904 regio

359 1920 432 1961 illa
474 1923 636 1962 sacrata
675 1924 737 1963 est
779 1921 912 1974 solvit,
954 1934 1084 1973 aquas
1111 1921 1355 1964 salubritate
1385 1921 1462 1975 (in)
1499 1922 1792 1974 medendisque

359 1990 598 2042 corporibus
627 1991 786 2033 nobiles
815 2005 1020 2044 agrosque
1051 2006 1195 2034 omnes
1221 1991 1385 2034 addixit
1413 1993 1530 2034 Deae
1563 1993 1616 2046 1).

413 2061 519 2103 Cum
561 2061 671 2103 ultro
715 2076 953 2114 progressus
982 2062 1172 2115 Silvium,
1201 2063 1242 2104 in
1272 2063 1453 2115 Apuliae
1481 2063 1676 2116 oppidum
1705 2077 1792 2116 per·

359 2132 551 2185 venisset,
579 2147 723 2175 servus
752 2133 969 2185 fanaticus,
999 2138 1045 2176 ut
1074 2133 1191 2175 Sulla
1217 2134 1304 2186 ipse
1331 2139 1484 2187 narrat,
1514 2135 1552 2176 ei
1576 2149 1601 2176 a
1618 2135 1792 2177 Bellona

358 2201 455 2244 belli
511 2203 726 2245 victoriam
781 2204 1015 2259 enuntiavit
1055 2203 1296 2255 addiditque
1343 2205 1373 2246 εἶ
1413 2205 1456 2246 δὲ
1493 2206 1548 2256 μὴ
1578 2206 1790 2254 σπεύσειεν,

357 2274 674 2327 ἐμπεπρήσεσθαι
700 2276 742 2325 2)
770 2276 813 2317 τὸ
837 2275 1082 2317 Καπιτώλιον
1110 2274 1220 2326 quod
1249 2275 1389 2316 evenit
1422 2275 1568 2317 eodem
1583 2289 1705 2326 quem
1720 2275 1791 2317 ille

358 2344 624 2395 praedixerat
668 2345 747 2398 die,
775 2346 846 2397 qui
873 2346 952 2387 fuit
980 2345 1112 2398 pridie
1140 2345 1282 2387 Nonas
1312 2345 1553 2395 Quinctiles.
1586 2346 1790 2389 Eamdem

357 2429 446 2457 rem
460 2421 603 2459 narrat
618 2416 726 2469 Aug.
744 2416 795 2459 de
812 2416 900 2459 Civ.
915 2417 992 2458 Dei
1005 2416 1123 2458 1124
1138 2416 1201 2458 bis
1216 2416 1371 2458 verbis:
1385 2417 1562 2470 „Servus
1576 2416 1790 2459 cuiusdam

360 2486 503 2540 „Lucii
533 2487 672 2530 Pontii
701 2487 966 2530 vaticinando
994 2476 1209 2530 clamavit:
1241 2487 1456 2529 aBellona
1472 2488 1641 2530 nuntius
1658 2488 1788 2538 venio,

405 2681 440 2727 1)
466 2681 646 2718 ve11.11.
672 2683 728 2718 25.

404 2747 440 2791 2)
465 2746 529 2782 Ita
565 2746 771 2793 legendum
809 2758 889 2782 esse
925 2758 995 2793 pro
1024 2748 1270 2806 ἐμπεπρῆσθαι
1294 2750 1382 2784 ante
1407 2747 1476 2784 hos
1500 2749 1644 2786 multos
1669 2762 1787 2786 annos

355 2797 541 2843 praeclari
575 2797 659 2839 viri,
683 2798 892 2834 maximum
916 2797 957 2834 in
981 2799 1122 2835 criticis
1146 2811 1283 2836 nomen
1307 2799 1501 2842 habentes,
1525 2799 1788 2836 ostenderunt.

357 2844 403 2879 cf.
430 2845 477 2880 V.
505 2845 561 2882 Cl.
586 2845 627 2881 O.
653 2845 699 2882 G.
726 2846 847 2882 Cobet
871 2846 970 2883 Nov.
999 2846 1101 2882 Lect.
1128 2848 1208 2883 245.
1260 2846 1517 2883 Certissimam
1542 2847 1640 2883 hanc
1665 2859 1787 2885 emen-

357 2891 550 2928 dationem
574 2892 740 2929 Sintenis
766 2897 894 2929 tamen
919 2894 1076 2941 sprevit.
