1988 3366
1047 342 1102 384 88

361 531 469 569 tatos
509 541 619 568 esse:
654 526 826 580 „Neque
866 526 919 567 ad
949 525 1075 568 finem
1103 525 1302 568 victoriae
1330 525 1429 567 satis
1457 524 1633 579 laudari,
1660 536 1797 577 neque

363 601 478 651 „post
504 597 721 639 victoriam
750 595 915 638 abunde
946 596 1173 648 vituperari
1200 597 1356 648 potest''
1377 599 1418 637 et
1432 595 1523 637 loco
1553 601 1679 648 supra
1705 596 1796 638 lau-

361 669 457 711 dato
500 683 534 710 c.
575 670 648 710 28:
707 667 853 721 „Adeo
880 667 992 709 enim
1020 667 1228 709 dissimilis
1257 667 1336 709 fuit
1364 667 1543 709 bellator
1573 681 1622 708 ao
1650 666 1796 719 victor,

363 742 433 791 „ut
460 737 560 780 dum
589 738 719 779 vincit
745 737 969 779 iustissimo
997 737 1143 788 lenior,
1171 740 1264 789 post
1277 736 1494 778 victoriam
1510 736 1653 778 audito
1671 736 1799 779 fuerit

363 809 638 862 „crudelion”
685 808 723 861 1)
780 808 917 850 Fuere
960 809 1105 860 utique
1133 810 1174 857 2)
1204 808 1286 861 qui,
1318 808 1416 850 olim
1449 808 1627 859 prompti
1656 807 1710 849 ad
1737 807 1798 850 la-

360 880 521 932 crimas,
562 893 650 922 sese
693 882 834 930 postea
879 878 1184 920 crudelissimos
1211 878 1507 933 sanguinisque
1536 877 1798 919 avidissimos

361 950 663 1001 praebuerunt:
727 950 771 992 in
818 948 934 991 Sulla
966 963 1064 991 vero
1092 949 1257 991 nullum
1298 947 1630 990 mansuetudinis
1671 953 1798 999 atque

360 1020 669 1062 misericordiae
697 1019 921 1072 vestigium
951 1019 1106 1072 inveni,
1136 1033 1269 1070 neque
1298 1033 1444 1061 censeo
1472 1032 1569 1059 eum
1596 1018 1799 1060 victorem

362 1095 527 1133 tantum
556 1105 644 1133 esse
672 1095 883 1132 mutatum
911 1090 965 1132 ab
992 1090 1084 1131 illol
1141 1089 1314 1142 Semper
1342 1103 1385 1131 se
1410 1089 1549 1132 virum
1577 1089 1730 1131 durum
1757 1093 1799 1131 et

361 1162 648 1204 truculentum
676 1161 897 1214 praestitit,
928 1161 1094 1211 quando
1123 1161 1182 1202 nil
1211 1159 1354 1202 damni
1374 1172 1428 1202 ex
1443 1160 1599 1202 scelere
1613 1164 1799 1202 contrac-

361 1236 481 1274 turus
521 1236 625 1282 erat,
666 1231 739 1274 sed
782 1232 833 1274 de
860 1232 986 1274 insita
1016 1231 1222 1283 pravitate
1250 1230 1409 1283 aliquid
1439 1230 1611 1282 remisit,
1640 1229 1714 1272 ubi
1745 1240 1799 1272 ex

362 1317 442 1344 usu
473 1307 575 1344 erat.

415 1373 496 1415 Hie
532 1373 635 1416 mihi
664 1373 758 1415 finis
787 1373 1192 1414 Commentariorum
1210 1373 1332 1414 fuisse
1350 1372 1661 1415 videturznam
1690 1385 1799 1423 quae

363 1449 593 1495 sequuntur
632 1444 863 1485 maximam
910 1449 1072 1496 partem
1139 1443 1342 1485 eiusmodi
1399 1447 1508 1496 sunt,
1551 1448 1651 1485 uta
1683 1442 1800 1485 Sulla

363 1515 546 1567 profecta
586 1529 674 1556 esse
716 1530 798 1556 non
851 1515 1026 1567 possint:
1081 1515 1203 1566 plena
1240 1515 1351 1556 enim
1388 1514 1799 1556 narratiuncularum

364 1593 471 1638 sunt,
499 1586 651 1637 quibus
678 1586 765 1637 ipse
793 1586 835 1627 in
856 1586 1054 1627 invidiam
1071 1585 1302 1627 adducitur.
1358 1585 1489 1627 Velut
1515 1584 1800 1627 crudelissima

364 1657 527 1698 Aurelii
570 1656 717 1698 caedes
757 1662 882 1707 atque
929 1671 978 1698 ea
1019 1670 1126 1707 quae
1165 1656 1218 1698 ad
1258 1656 1422 1698 tabulas
1455 1655 1799 1708 proscriptionum

365 1726 545 1768 edendas
571 1741 666 1768 eum
694 1727 965 1780 induxerunt,
1005 1741 1037 1769 c.
1069 1729 1144 1780 31;
1174 1731 1296 1768 atrox
1325 1726 1530 1768 Catilinae
1556 1726 1701 1773 scelus,
1729 1725 1801 1777 qui

365 1798 536 1839 fratrem
571 1798 656 1839 iam
697 1797 857 1849 pridem
885 1812 910 1839 a
940 1811 982 1839 se
1010 1798 1098 1849 ipso
1129 1811 1152 1839 e
1179 1796 1316 1839 medio
1345 1796 1556 1838 sublatum
1585 1801 1800 1847 tamquam

365 1869 616 1910 incolumem
646 1869 689 1910 in
731 1869 1054 1920 proscriptorum
1083 1882 1304 1910 numerum
1332 1867 1596 1909 referendum
1625 1866 1799 1919 curavit,

366 1954 401 1981 ο.
431 1941 507 1992 32;
537 1939 684 1981 caedes
723 1939 910 1981 Lucretii
956 1939 1116 1980 Ofellae
1157 1938 1228 1990 qui
1269 1938 1470 1980 dictatore
1497 1938 1628 1980 invito
1656 1950 1801 1979 consu⁴

365 2009 498 2050 latum
538 2014 679 2061 petere
721 2024 845 2051 ausus
888 2009 1130 2050 interfectus
1172 2013 1246 2060 est,
1288 2009 1390 2050 item
1436 2008 1626 2060 Pompeii
1656 2008 1801 2049 matri-

365 2080 563 2131 monium,
605 2081 676 2131 qui
718 2094 894 2122 uxorem
936 2094 1053 2121 suam
1085 2079 1305 2131 repudiare
1334 2079 1469 2120 iussus
1497 2079 1614 2120 novis
1645 2078 1801 2131 nuptiis

370 2165 465 2192 cum
507 2150 692 2192 Aemilia
727 2150 975 2202 praegnanti
1004 2150 1171 2191 iunctus
1201 2154 1262 2191 est
1282 2150 1408 2200 atque
1439 2149 1522 2191 alia
1549 2163 1656 2200 quae
1683 2163 1800 2191 arro-

366 2226 515 2274 ganter
543 2226 585 2263 et
612 2222 787 2273 superbe
802 2222 913 2275 fecit,
934 2236 968 2263 c.
984 2223 1056 2274 333
1072 2221 1161 2262 eius
1176 2221 1487 2262 matrimonium
1505 2235 1599 2262 cum
1616 2220 1800 2274 Valeria,

367 2294 408 2335 in
451 2307 534 2344 qua
574 2307 618 2334 re
647 2296 792 2334 auctor
819 2307 913 2334 eum
944 2292 1213 2335 vehementer
1241 2291 1520 2344 reprehendit,
1547 2292 1801 2334 consuetudo

368 2364 455 2405 eius
501 2363 736 2417 mulierum,
766 2363 1015 2405 histrionum
1058 2367 1100 2404 et
1144 2362 1332 2408 aliorum,
1366 2360 1612 2414 quibuscum
1651 2363 1702 2405 de
1735 2362 1801 2406 die

366 2439 511 2486 potare
560 2434 731 2486 solebat,
777 2434 967 2485 quamvis
1010 2433 1225 2476 Valeriam
1276 2433 1387 2475 domi
1430 2431 1616 2476 haberet.
1671 2433 1796 2476 Adde

368 2505 544 2556 denique
575 2505 661 2547 eius
690 2505 881 2547 morbum
912 2510 1037 2556 atque
1066 2510 1243 2546 mortem
1272 2518 1306 2545 c.
1338 2505 1401 2545 35.

422 2577 555 2624 Quom
597 2583 738 2617 autem
767 2577 1008 2627 scriptorem
1038 2575 1358 2617 Commentariis
1386 2575 1673 2618 deficientibus
1701 2575 1800 2618 Plu-

370 2647 537 2688 tarchus
582 2647 716 2688 adiit?
777 2647 959 2697 Orosius,
1003 2647 1073 2698 qui
1115 2647 1157 2687 in
1186 2646 1310 2687 rebus
1340 2647 1541 2689 Romanis
1572 2647 1802 2689 scribundis

420 2829 452 2872 l)
479 2828 555 2863 Dio
584 2829 685 2864 Cass.
715 2829 985 2875 Fragm Peir.
1013 2831 1090 2864 136.
1122 2830 1153 2864 1.
1177 2830 1209 2864 2.

418 2895 453 2938 2)
480 2893 584 2929 Nero
621 2893 883 2940 Robespierre.
