1988 3366
1177 308 1229 353 34

494 500 600 538 sunt.
656 495 801 537 Cicero
842 495 1025 548 quidem,
1067 495 1151 536 iam
1193 495 1247 537 ab
1284 494 1366 537 illis
1395 494 1529 537 turbis
1557 495 1691 548 magis
1719 498 1916 549 remotus,

493 566 713 618 benignius
740 566 791 608 de
819 580 868 608 eo
896 567 1035 608 sensit.
1069 566 1108 619 1)

545 636 707 678 Deinde
746 636 998 679 Plutarchus
1033 637 1171 678 minus
1199 640 1312 678 recte
1341 636 1503 678 scribit:
1533 635 1814 691 (Σουλπίκιος)
1843 626 1917 690 βία

491 708 556 749 καὶ
583 708 715 761 σιδήρῳ
744 707 879 759 νόμους
906 706 1095 761 ἔγραφεν,
1123 706 1268 755 ἄλλους
1296 724 1340 749 τε
1356 707 1569 761 μοχθηροὺς
1596 707 1740 750 καὶτὸν
1763 707 1919 751 διδόντα

492 778 628 831 Μαρίῳ
667 781 733 820 τοῦ
778 778 1050 831 Μιθριδατικοῦ
1079 778 1253 829 πολέμου
1282 779 1349 827 τὴν
1378 777 1596 829 ἡγεμονίαν.
1622 777 1849 832 Ἀπραξίας
1877 778 1920 820 δὲ

492 848 571 890 δια
607 852 771 891 ταῦτα
798 853 871 891 τῶν
901 848 1060 891 ὑπατων
1089 849 1374 902 ψηφισαμένων
1405 852 1482 891 etc.
1537 849 1639 891 Post
1658 849 1796 901 legem
1809 849 1922 891 enim

490 919 619 972 illam,
647 923 695 961 ut
722 920 886 961 exsules
913 924 1221 973 revocarentur,
1250 920 1291 972 2)
1323 920 1432 973 tulit,
1459 920 1508 962 ut
1535 920 1634 962 novi
1661 920 1773 962 cives
1794 919 1920 962 liber-

489 989 647 1040 tinique
674 990 718 1031 in
744 990 927 1041 quinque
943 994 984 1032 et
997 991 1171 1042 triginta
1184 994 1345 1032 veteres
1360 990 1495 1032 tribus
1513 989 1861 1033 distribuerentur
1880 991 1924 1040 3)

496 1065 622 1111 atque
662 1060 789 1103 haec
831 1075 883 1102 ne
924 1061 1179 1113 perferretur
1220 1061 1407 1103 consules
1435 1061 1642 1103 iustitium
1667 1060 1924 1114 indixerunt,

495 1135 543 1172 ut
582 1131 749 1173 comitia
789 1131 935 1173 haberi
976 1146 1059 1173 non
1086 1137 1263 1183 possent.
1292 1133 1334 1183 4)
1390 1131 1554 1174 Deinde
1584 1146 1680 1174 oum
1706 1131 1832 1174 ferias
1860 1144 1924 1173 re·

493 1203 662 1244 mittere
694 1206 946 1256 recusarent,
975 1203 1124 1245 turbae
1152 1207 1267 1245 ortae
1295 1206 1403 1255 sunt,
1431 1203 1583 1254 quibus
1611 1202 1728 1246 Sulla
1743 1206 1787 1245 et
1800 1202 1926 1245 Pom-

493 1274 608 1325 peius
648 1273 793 1316 cedere
824 1278 1048 1326 coguntur:
1079 1274 1201 1316 huius
1228 1275 1349 1327 filius,
1379 1274 1551 1316 liberius
1579 1274 1756 1326 locutus,
1787 1273 1949 1327 periit,

493 1345 580 1396 ipse
616 1343 778 1397 effugit;
824 1344 942 1386 Sulla
982 1348 1124 1386 autem
1159 1345 1203 1386 in
1231 1345 1356 1387 Marii
1383 1344 1553 1386 domum
1580 1359 1667 1387 sese
1696 1344 1853 1397 recepit
1881 1347 1924 1386 et

495 1428 641 1456 averso
670 1415 772 1456 ostio
800 1430 825 1456 a
853 1415 986 1457 Mario
1015 1416 1188 1457 emissus
1215 1415 1368 1457 Nolam
1398 1415 1451 1457 ad
1480 1415 1712 1458 exercitum
1725 1415 1924 1468 confugit.

495 1485 589 1526 Hoc
630 1486 741 1526 enim
781 1486 914 1537 magis
956 1486 1084 1538 probo
1127 1499 1252 1538 quam
1294 1485 1404 1537 quod
1445 1485 1561 1528 Sulla
1589 1485 1689 1540 ipse,
1718 1500 1771 1528 ne
1799 1485 1925 1528 Marii

492 1555 692 1598 beneficio
720 1557 860 1598 vivere
889 1556 1093 1606 credatur,
1122 1557 1165 1599 in
1196 1556 1516 1599 Commentariis
1543 1556 1672 1598 tradit
1699 1556 1742 1610 5)
1770 1570 1814 1598 se
1841 1570 1924 1599 non

494 1626 548 1667 ad
592 1627 776 1668 Marium
803 1627 1047 1679 confugisse,
1076 1627 1149 1669 sed
1177 1627 1358 1669 invitum
1388 1625 1617 1669 abductum
1644 1640 1744 1677 esse,
1772 1626 1925 1668 strictis

494 1698 676 1750 undique
717 1699 761 1740 in
802 1713 844 1740 se
891 1698 1052 1751 gladiis,
1092 1698 1202 1740 unde
1250 1686 1461 1751 egressum
1488 1713 1562 1751 pro
1591 1698 1924 1741 adversariorum

495 1769 709 1811 voluntate
745 1769 949 1811 iustitium
977 1770 1195 1812 remisisse.
1251 1769 1343 1818 Qua
1371 1769 1422 1811 de
1450 1784 1574 1812 causa
1601 1783 1697 1812 cum
1724 1768 1925 1822 Pompeio

495 1839 694 1881 honorem
723 1841 973 1893 abrogasset,
1001 1841 1062 1882 illi
1090 1840 1351 1882 consulatum
1378 1840 1557 1891 reliquit.

549 1911 667 1953 Tunc
709 1911 877 1953 demum
915 1911 1120 1963 Sulpicius
1147 1911 1284 1963 legem
1311 1911 1496 1964 pertulit,
1525 1924 1607 1962 qua
1635 1911 1675 1953 ei
1701 1910 1924 1964 imperium

497 1982 782 2034 abrogaretur,
812 1981 858 2023 O.
886 1982 1021 2023 Mario
1048 1981 1205 2023 bellum
1221 1981 1527 2023 decerneretur.
1584 1981 1737 2024 Statim
1764 1981 1925 2023 tribuni

497 2052 678 2094 militum
705 2052 746 2105 6)
802 2052 955 2095 Nolam
999 2052 1126 2105 missi,
1169 2052 1241 2103 qui
1278 2052 1509 2094 exercitum
1537 2051 1591 2094 ad
1633 2051 1816 2094 Marium
1856 2051 1925 2093 de-

500 2122 710 2164 ducerent.

546 2492 580 2536 1)
606 2490 652 2525 cf.
678 2489 774 2525 Smit
798 2489 846 2524 ad
871 2501 950 2535 cap.
977 2488 1149 2525 XXXV.
1175 2488 1251 2524 Cic.
1276 2488 1384 2524 Brut.
1411 2490 1468 2524 55.
1493 2488 1552 2525 De
1576 2489 1656 2525 har.
1682 2501 1779 2537 resp.
1806 2491 1864 2526 19.

546 2556 582 2600 2)
607 2554 690 2590 Liv.
715 2553 785 2600 Ep.
812 2554 867 2589 77.

548 2619 582 2663 3)
609 2617 696 2661 Quo
722 2617 853 2653 audito
879 2617 987 2653 Sulla
1011 2617 1139 2654 statim
1163 2617 1326 2654 Romam
1350 2630 1525 2655 reversus
1551 2630 1631 2655 esse
1657 2618 1822 2655 videtur.

547 2684 583 2727 4)
609 2682 707 2728 App.
733 2681 775 2717 B.
803 2682 842 2717 C.
870 2684 900 2717 1.
927 2685 982 2718 55.

550 2748 584 2791 5)
610 2746 709 2782 Mar.
735 2759 768 2781 c.
794 2746 850 2781 35.

503 2812 584 2892 (1.6)
610 2809 697 2891 {sah
723 2810 829 2846 Max.
854 2810 927 2846 IX.
953 2811 974 2846 7
1000 2814 1038 2846 et
1063 2810 1170 2847 Oros.
1198 2811 1245 2847 V.
1265 2814 1319 2848 19.
1347 2812 1567 2848 Gratidium
1584 2813 1754 2860 legatum
1766 2812 1924 2849 missum

529 2869 615 2891 lcun
639 2884 646 2891 .
