1988 3366
835 318 889 360 43

138 494 240 543 b‘om
263 495 423 552 habuit,
449 498 562 543 unde
588 501 796 553 profectus
821 501 1027 556 Achaeos,
1057 501 1429 557 Lacedaemonios,
1443 501 1577 546 Boeo-

137 571 285 622 susque
310 582 468 623 omnes,
497 571 686 625 exceptis
698 571 1034 627 Thespiensibus,
1046 573 1119 626 qui
1134 574 1178 616 in
1191 572 1275 617 fide
1290 573 1578 618 Romanorum

138 638 380 695 manebant,
420 641 500 685 sibi
538 642 747 686 adiunxit.
809 643 1106 698 Metrophanes
1148 645 1316 688 interim
1358 659 1455 689 cum
1493 645 1578 688 alia

138 709 321 755 militum
346 726 477 756 manu
503 711 720 757 Euboeam
735 719 779 758 et
796 728 918 768 agros
936 714 1219 759 Demetriadis
1236 715 1576 769 Magnesiaeque,

136 793 247 835 quae
287 781 480 826 civitates
518 798 546 827 a
589 785 716 838 iegiis
743 785 933 839 partibus
960 785 1256 840 abhorrebant,
1281 786 1574 840 populabatur.

138 850 221 896 eui
258 852 430 896 tandem
468 853 661 898 Bruttius
701 854 823 910 Sura,
865 856 1013 908 Sentii,
1053 855 1325 900 Macedoniae
1361 856 1577 911 praetoris,

137 922 316 978 legatus,
345 922 412 967 vir
439 924 663 978 singularis
689 925 906 981 andaciae,
932 926 1131 970 occurrit:
1160 941 1258 971 eum
1284 941 1425 981 pugna
1436 927 1578 971 navali

138 1006 361 1048 aggressus
400 994 563 1049 fugavit
590 995 900 1051 Sciathumque,
928 996 1184 1050 praedonum
1212 997 1485 1041 barbarorum
1512 1011 1577 1041 re·

135 1064 412 1118 captaculum.
439 1067 699 1119 expugnavit
730 1068 783 1120 1).
836 1066 1001 1111 Deinde
1028 1068 1071 1110 in
1100 1067 1318 1112 Boeotiam
1346 1067 1574 1123 contendit,

136 1133 211 1179 ubi
250 1135 486 1179 Archelaus
537 1136 740 1191 Tbespias
787 1138 1069 1191 oppugnabat,
1116 1143 1159 1182 et
1207 1138 1325 1182 mille
1366 1138 1576 1192 equitibus

137 1204 433 1260 peditibusque
474 1220 531 1250 ex
558 1207 805 1251 Macedonia
832 1215 981 1252 auctus
1006 1209 1061 1252 ad
1088 1209 1378 1253 Chaeroneam
1404 1223 1479 1263 per
1501 1210 1575 1253 tri·

138 1274 271 1320 duum
297 1290 393 1320 cum
421 1278 635 1322 Aristione
661 1289 704 1322 et
722 1279 932 1323 Archelao
948 1279 1075 1324 dubio
1089 1280 1227 1324 Marte
1239 1280 1439 1324 conflixit.
1466 1280 1575 1324 Cum

137 1351 281 1391 autem
322 1347 377 1391 ad
417 1347 557 1392 hostes
598 1349 1026 1393 Lacedaemoniorum
1054 1355 1097 1394 et
1125 1350 1390 1394 Achaeorum
1415 1350 1576 1394 auxilia

137 1418 421 1473 accessissent,
460 1434 506 1463 se
544 1420 631 1464 iam
673 1421 875 1474 imparem
918 1426 1036 1464 ratus
1074 1422 1155 1476 vel,
1189 1426 1239 1465 ut
1264 1425 1410 1465 auctor
1435 1427 1575 1465 noster

138 1490 368 1544 existimat,
405 1491 540 1534 iussus
566 1505 593 1534 a
620 1491 798 1535 Lucullo
824 1491 972 1535 cedere
999 1492 1154 1545 Sullae,
1182 1493 1250 1536 cui
1278 1507 1331 1536 ea
1356 1493 1571 1547 provincia

137 1559 307 1605 decreta
336 1566 442 1614 erat,
468 1562 513 1605 in
543 1561 830 1605 Macedoniam
859 1576 1051 1606 reversus
1077 1568 1139 1607 est
1165 1563 1223 1617 2).

690 1745 887 1790 CAPUT
915 1745 1019 1790 XII.

189 1929 309 1975 Sulla
345 1930 465 1974 initio
506 1931 606 1974 anni
633 1931 685 1975 87
714 1953 768 1961 -
793 1930 983 1974 consules
1025 1930 1138 1974 enim
1164 1931 1252 1974 iam
1278 1931 1571 1986 magistratum

136 2001 319 2045 inierant
362 2003 406 2053 3)
444 2024 493 2031 —
529 2001 655 2045 Italia
696 2001 843 2045 relicta
884 2001 1013 2055 Epiro
1053 2001 1215 2055 appulit
1255 2017 1351 2045 cum
1390 2003 1574 2055 quinque

136 2063 384 2126 legionibus,
410 2071 652 2116 cohortibus
677 2072 837 2125 aliquot
863 2072 1134 2125 equitumque
1149 2072 1241 2115 alis.
1269 2072 1411 2116 Hicin
1424 2072 1572 2117 iisdem

136 2142 230 2187 fere
259 2143 464 2197 angustiis
490 2142 751 2195 versabatur,
777 2141 928 2195 quibus
959 2143 1058 2185 olim
1086 2142 1315 2196 Hannibal,
1344 2142 1500 2187 bellum
1528 2144 1572 2187 in

136 2213 263 2258 Italia
303 2226 467 2268 gerens,
507 2227 604 2257 cum
637 2213 797 2257 nullam
825 2214 997 2257 navium
1024 2213 1267 2257 facultatem
1294 2213 1480 2267 haberet,
1507 2214 1570 2258 rei

135 2284 450 2337 frumentariae,
476 2288 734 2328 commeatus
759 2289 885 2336 atque
914 2284 1113 2337 pecuniae
1140 2283 1279 2337 inopia
1300 2288 1572 2339 premeretur,

135 2353 336 2408 nulloque
374 2353 558 2398 subsidio
584 2368 640 2398 ex
678 2354 796 2397 Urbe
825 2354 1138 2397 sublevaretur:
1168 2354 1295 2397 immo
1321 2368 1422 2397 mox
1447 2354 1571 2408 legio·

136 2424 262 2470 nibus
287 2424 504 2480 Romania,
529 2439 634 2478 quas
659 2424 888 2469 adversarii
915 2425 958 2468 in
986 2424 1206 2468 Graeciam
1237 2425 1451 2479 miserunt,
1479 2429 1572 2469 erat

188 2586 223 2630 1)
249 2584 348 2633 App.
376 2583 420 2620 B.
446 2583 502 2621 M.
543 2612 552 2621 .

183 2651 221 2695 2)
246 2651 345 2697 App.
371 2648 483 2686 docet
506 2662 595 2686 eum
620 2649 667 2685 ad
695 2648 871 2685 Piraeum
898 2648 1106 2688 recessisse.
1122 2648 1226 2697 quod
1240 2648 1320 2685 fiori
1337 2661 1411 2686 non
1429 2649 1570 2697 potuit.

137 2710 225 2734 cum
251 2697 289 2734 in
316 2696 494 2733 Archelai
520 2701 558 2733 et
583 2696 788 2733 Aristionis
812 2701 1003 2750 potestate
1028 2700 1136 2732 esset.
1188 2695 1423 2733 Plutarchus
1448 2696 1570 2734 Surae

136 2744 378 2782 commodum
409 2755 548 2791 augere
572 2749 611 2780 et
635 2756 771 2780 ornare
787 2744 956 2779 videtur:
983 2746 1042 2780 ui
1069 2746 1163 2796 τρισὶ
1189 2747 1324 2796 μάχαις
1355 2743 1568 2795 διαγωνισά-

137 2813 238 2849 μενος
269 2801 346 2851 περὶ
376 2803 587 2851 Χαιρὼνιιαιν
616 2800 736 2843 ἐξίωσι
766 2800 825 2835 xxi
852 2798 1047 2834 συνίστιιὶι
1075 2798 1178 2834 πάλιν
1206 2799 1261 2835 ἰπὶ
1290 2800 1351 2836 τὴν
1379 2799 1566 2836 θάλατταν.

140 2902 142 2906 .
188 2868 225 2914 8)
250 2867 341 2917 Cap.
368 2867 418 2906 X.
443 2867 520 2905 Dio
545 2868 649 2905 Casa.
675 2867 698 2904 l.
726 2867 750 2904 l.
