1988 3366
1064 348 1116 389 58

370 532 530 584 patriae
580 546 702 584 opem
747 531 876 573 ferret
920 533 970 581 1).
1036 531 1144 573 Cum
1185 531 1410 573 iactatione
1453 533 1596 572 autem
1637 544 1804 582 respon-

371 603 432 644 dit
476 606 573 644 ante
621 601 898 654 frangendum
943 602 1105 644 hostem
1151 615 1276 653 quam
1328 600 1613 643 ulciscendum
1655 601 1803 643 civem.

370 668 438 714 Ita
481 672 648 723 quidem
693 672 802 714 Vell.
847 673 905 713 ΙΙ.
950 674 1013 725 23,
1055 673 1126 723 qui
1151 687 1247 714 eum
1276 672 1329 713 ob
1356 671 1465 713 hanc
1493 686 1582 713 rem
1607 670 1802 713 laudibus

370 743 553 784 extollit:
588 743 701 796 „Vix
728 743 951 794 quicquam
977 743 1021 785 in
1052 743 1193 785 Sullae
1222 743 1415 795 operibus
1438 742 1590 783 clarius
1607 741 1800 784 duxerim

372 828 520 866 „quam
563 814 676 864 quod
720 828 816 855 cum
858 828 931 865 per
973 814 1200 856 triennium
1244 813 1459 855 Cinnanae
1501 813 1805 864 Marianaeque

370 889 531 938 „partes
571 884 741 926 Italiam
782 885 1031 937 obsiderent,
1065 898 1198 935 neque
1226 884 1458 926 inlaturum
1487 898 1529 938 se
1558 884 1716 926 bellum
1748 884 1799 925 iis

372 955 686 1008 „dissimulavit,
702 969 777 997 nec
794 956 904 1007 quod
920 966 1009 998 erat
1023 956 1063 997 in
1087 955 1279 997 manibus
1297 955 1446 1007 omisit,
1460 955 1803 1006 existimavitque

371 1032 494 1080 „ante
509 1027 786 1079 frangendum
806 1028 964 1069 hostem
980 1041 1106 1078 quam
1122 1027 1401 1069 ulciscendum
1415 1027 1547 1068 civem
1560 1026 1805 1078 repulsoque

371 1104 568 1152 „externo
609 1103 736 1151 metu,
782 1098 851 1140 ubi
893 1099 1004 1150 quod
1032 1099 1216 1140 alienum
1245 1102 1353 1139 esset
1385 1098 1559 1148 vicisset,
1589 1101 1805 1149 superaret

370 1169 503 1222 „quod
532 1173 622 1210 erat
650 1169 962 1210 domesticum.''
993 1169 1246 1211 Plutarchus
1263 1183 1360 1210 vero
1380 1168 1498 1210 docet
1517 1182 1613 1209 eum
1632 1168 1806 1210 dubium

365 1239 558 1292 haesisse,
589 1239 822 1281 miserando
853 1239 981 1281 Urbis
1010 1244 1121 1281 statu
1138 1243 1309 1290 motum,
1325 1239 1449 1280 simul
1465 1239 1622 1280 bellum
1638 1252 1802 1289 suscep-

366 1314 457 1352 tum
498 1310 690 1352 omittere
733 1310 968 1352 nolentem:
1013 1311 1154 1361 itaque
1198 1324 1281 1351 non
1322 1324 1372 1350 ea
1410 1309 1643 1351 constantia
1673 1309 1805 1350 fuisse

366 1380 544 1433 videtur,
575 1395 710 1432 neque
739 1385 826 1422 tam
855 1381 975 1422 firmo
1004 1381 1144 1422 animo
1173 1395 1261 1421 rem
1290 1381 1505 1432 respuisse.
1554 1380 1604 1421 [n
1633 1379 1804 1421 Italiam

366 1452 520 1493 reverti
564 1452 777 1503 prohibuit
819 1451 993 1493 forsitan
1021 1456 1169 1504 metus,
1198 1465 1250 1492 ne
1277 1451 1432 1492 milites
1460 1451 1578 1502 signa
1604 1450 1714 1492 ferre
1741 1464 1805 1492 re-

366 1526 573 1574 cusarent,
617 1523 769 1573 quippe
809 1523 880 1573 qui
925 1526 1014 1573 post
1059 1526 1119 1563 tot
1148 1525 1316 1563 exactos
1344 1521 1505 1563 labores
1532 1520 1703 1562 tandem
1731 1520 1805 1562 ali-

365 1592 531 1643 quando
575 1593 668 1634 loca
710 1607 885 1634 amoena
929 1592 1057 1634 Asiae
1087 1592 1202 1634 obire
1229 1591 1466 1644 praedaque
1494 1591 1696 1643 promissa
1723 1591 1804 1632 frui

366 1666 576 1714 cuperent.
632 1663 696 1704 Eo
725 1663 937 1704 lubentius
965 1662 1174 1704 Archelao
1203 1662 1454 1713 colloquium
1483 1661 1642 1714 petenti
1660 1675 1804 1703 aurem

365 1734 581 1785 praebuit:
627 1733 722 1775 huic
759 1734 870 1776 enim
914 1749 989 1775 rex
1029 1748 1167 1775 secum
1209 1739 1425 1786 reputans,
1467 1737 1645 1784 quantas
1688 1732 1805 1774 brevi

365 1809 552 1856 tempore
580 1805 762 1846 iacturas
790 1805 965 1855 fecisset,
995 1805 1199 1856 simulque
1227 1820 1252 1846 a
1280 1804 1470 1846 Fimbria
1498 1818 1675 1855 pressus,
1690 1817 1803 1844 man-

369 1875 553 1927 daverat‚
598 1880 644 1917 ut
687 1890 815 1927 quam
855 1875 1152 1917 honestissimis
1196 1875 1507 1917 condicionibus
1536 1889 1680 1926 pacem
1710 1888 1805 1916 cum

367 1946 569 1987 Romanis
608 1947 774 1988 faceret.
832 1947 948 1988 Sulla
990 1951 1130 1988 autem
1162 1947 1274 1998 pacis
1299 1951 1497 1998 appetens
1526 1950 1617 1988 erat
1646 1946 1686 1998 2)
1718 1959 1802 1987 non

368 2018 514 2063 solum,
560 2018 658 2068 quia
686 2018 728 2058 in
757 2018 920 2068 magnis
948 2017 1193 2059 versabatur
1223 2017 1550 2068 difficultatibus,
1579 2016 1650 2058 sed
1677 2018 1805 2058 etiam

367 2088 466 2138 quia
507 2089 693 2129 exercitu
735 2088 899 2140 integro
941 2093 983 2129 et
1024 2088 1180 2129 intacto
1223 2088 1274 2129 ad
1316 2088 1473 2129 bellum
1518 2088 1714 2129 Italicum
1742 2087 1805 2128 uti

369 2158 575 2209 cupiebat.
631 2158 682 2199 ln
725 2160 829 2199 mari
860 2159 987 2210 igitur
1015 2159 1124 2200 circa
1155 2155 1322 2199 Delium
1351 2173 1445 2199 cum
1474 2158 1681 2199 Archelao
1709 2171 1804 2198 con-

369 2243 532 2279 gressus
563 2233 637 2281 est,
667 2230 738 2280 qui
768 2230 999 2270 orationem
1030 2243 1201 2270 exorsus
1229 2229 1447 2281 flagitavit,
1476 2234 1522 2270 ut
1538 2228 1804 2280 expeditione

369 2300 412 2341 in
456 2300 604 2341 Asiam
649 2301 775 2341 missa
820 2301 929 2342 facta
969 2300 1020 2341 ad
1051 2300 1207 2341 bellum
1236 2301 1356 2341 civile
1384 2300 1723 2351 proficisceretur,
1751 2298 1804 2340 ad

367 2371 478 2421 quod
521 2371 825 2412 conficiendum
855 2372 1097 2421 quantasvis
1126 2371 1262 2422 copias
1291 2374 1332 2412 et
1360 2384 1487 2412 naves
1515 2374 1556 2411 et
1583 2370 1803 2422 pecuniam

368 2456 393 2482 a
422 2455 520 2492 rege
548 2442 768 2492 acciperet.
827 2441 959 2482 Paulo
988 2441 1110 2482 aliter
1138 2455 1226 2481 rem
1255 2444 1397 2482 narrat
1425 2441 1534 2492 App.
1565 2440 1611 2481 B.
1642 2440 1701 2481 M.
1731 2440 1758 2481 l.
1776 2441 1802 2482 l.

367 2512 438 2563 qui
475 2511 732 2553 Archelaum
776 2511 838 2553 his
874 2512 1012 2553 verbis
1040 2511 1218 2553 inducit:
1275 2511 1386 2558 Φίλος
1415 2511 1461 2552 ὢν
1490 2512 1578 2562 ὑμῖν
1611 2512 1801 2565 πατρῷος,

369 2581 394 2623 ὦ
423 2582 577 2630 Σύλλαθ
607 2582 841 2635 Μιθριδάτης
876 2583 892 2624 ὁ
922 2583 1110 2633 βασιλεὺς
1145 2581 1365 2632 ἐπολέμησε
1394 2582 1465 2632 μὲν
1493 2582 1558 2623 δια
1573 2585 1801 2635 στρατηγῶν

368 2652 499 2705 ἑτέρων
540 2652 778 2703 πλεονεξίαν·
816 2653 1046 2695 διαλύσεται
1086 2653 1129 2695 δὲ
1174 2653 1239 2694 δια
1282 2653 1349 2702 ’τὴν
1392 2652 1458 2700 σὴν
1499 2653 1636 2706 ἀρετὴν
1676 2652 1717 2701 ἢν
1747 2652 1801 2695 τὰ

419 2846 452 2889 1)
479 2847 587 2882 Oros.
615 2845 639 2880 1.
667 2845 692 2880 l.

417 2902 452 2946 2)
478 2901 578 2949 App.
605 2901 649 2936 B.
676 2901 731 2937 M.
758 2903 818 2937 54.
