1988 3366
860 309 913 355 95

164 495 234 552 ,in
260 501 528 550 conspectum
556 511 679 540 suum
706 496 847 541 afferri
876 497 1020 550 voluit,
1049 501 1096 540 ut
1123 496 1254 541 oculis
1277 496 1365 551 illa,
1390 510 1500 550 quae
1525 510 1597 541 ore

160 566 281 612 nesus
306 572 411 621 erat,
438 567 749 619 manderet'’l).

217 636 373 682 Omnia
401 652 524 692 porro
551 637 695 681 divina
722 643 767 681 et
798 637 985 681 humana
1012 637 1193 681 violata:
1223 637 1381 692 templa
1408 638 1595 682 Deorum

161 709 365 764 unguine
393 709 566 763 polluta,
593 713 764 762 penates
790 708 1029 762 hospitales,
1056 708 1205 752 domus
1230 714 1426 763 paterua3
1442 709 1486 752 iu
1503 723 1597 763 gre-

160 780 259 824 miis
299 780 523 833 coniugum
564 779 657 832 viri,
697 780 739 822 in
782 779 875 822 sinu
923 784 1107 822 matrum
1135 779 1256 823 liberi
1285 779 1596 832 iugulabantur.

161 849 332 903 Quanta
358 864 457 893 vero
485 851 529 893 in
557 850 622 893 his
648 849 909 893 crudelitatis
929 856 972 893 et
989 850 1265 893 immanitatis
1279 850 1473 904 exempla
1485 850 1598 894 edita.

161 921 284 966 sunt!
313 920 558 975 „Quendam
585 921 698 964 enim
724 922 814 964 sine
832 921 942 963 ferro
956 921 1208 964 laniantium
1237 935 1386 964 manus
1413 921 1596 975 diripue-

162 996 305 1047 ,παις
331 993 557 1035 immanius
583 991 770 1035 homines
816 991 1030 1035 hominem
1074 992 1232 1045 vivum,
1275 1006 1401 1045 quam
1439 992 1597 1036 bestiae

162 1062 322 1118 ,solent
359 1062 592 1115 discerpere
625 1062 805 1105 cadaver
847 1062 1071 1105 abiectum.
1129 1061 1254 1105 Alius
1283 1062 1413 1105 oculis
1441 1061 1598 1105 effossis

163 1138 235 1189 ‚et
261 1133 544 1187 particulatim
565 1133 766 1176 membris
785 1133 1014 1186 amputatis
1041 1133 1084 1175 in
1115 1133 1243 1175 tantis
1255 1132 1508 1176 cruciatibus
1525 1132 1598 1176 diu

164 1205 295 1259 ‚mori
322 1208 492 1248 coactus
518 1203 605 1246 est''
632 1205 689 1253 2).

213 1274 320 1319 Erat
346 1289 546 1318 numerus
571 1288 729 1323 eorum,
756 1274 830 1326 qui
860 1287 933 1326 per
964 1274 1071 1316 iram
1100 1278 1144 1316 et
1170 1272 1313 1316 odium
1340 1273 1596 1317 tollebantur

161 1346 352 1399 exiguus
391 1359 491 1399 prae
517 1344 784 1388 multitudine
813 1344 1016 1387 bonorum
1043 1358 1171 1386 causa
1197 1344 1487 1397 pereuntium:
1533 1343 1595 1399 ,ἕ-

171 1416 335 1471 σΦιζσν
363 1416 408 1459 δὲ
435 1417 503 1459 καὶ
530 1415 637 1463 ὅσσυς
666 1418 935 1462 πλουτοῦντας
962 1414 984 1464 ἣ
1011 1414 1078 1457 καὶ
1094 1413 1227 1462 ἄλλως
1241 1414 1596 1468 πωςὺτερέχσντας

163 1488 296 1542 ἑώρων,
339 1488 428 1534 rhu-5
470 1486 543 1538 μὲν
572 1486 697 1540 φθόνῳ
725 1486 812 1533 τοὺς
836 1485 881 1527 δὲ
912 1485 979 1527 διὰ
1007 1486 1204 1538 χρήματα
1231 1486 1288 1533 3)·
1343 1484 1479 1528 Immo
1503 1499 1595 1538 per-

161 1572 350 1602 ennet-es
390 1557 609 1601 dicebant:
654 1557 765 1599 hunc
806 1555 931 1599 aedes
971 1555 1139 1609 amplae
1179 1556 1452 1618 sustulerunt,
1476 1557 1596 1600 illum

163 1629 289 1683 horti,
319 1629 450 1672 alium
489 1642 624 1681 aquae
650 1626 825 1671 calidae.
880 1626 929 1676 Q.
959 1626 1169 1679 Aurelius,
1198 1627 1263 1669 vir
1288 1627 1469 1680 quietus,
1497 1641 1594 1670 cum

163 1701 205 1744 iu
245 1701 382 1744 forum
424 1701 615 1753 venisset,
662 1700 704 1743 in
748 1699 1073 1752 proscriptorum
1121 1697 1265 1741 tabula
1291 1712 1442 1741 nomen
1471 1713 1595 1742 suum

165 1772 349 1826 reperit:
394 1770 518 1825 „Heu
557 1783 624 1814 me
666 1770 862 1813 miserum
877 1769 912 1811 !'’
939 1768 1074 1821 inquit
1105 1767 1280 1821 „fundus
1307 1768 1500 1812 Albanus
1528 1782 1596 1812 me

165 1842 490 1898 ‚persequitur''.
519 1840 577 1884 Et
606 1840 776 1895 paulum
804 1853 1042 1893 progressus
1069 1853 1096 1882 a
1121 1838 1302 1891 quodam
1328 1839 1400 1892 qui
1418 1853 1515 1883 eum
1531 1854 1595 1883 se-

162 1913 374 1967 quebatur
401 1913 648 1956 interemtus
676 1916 753 1955 est.

215 1985 388 2028 Summa
417 1983 644 2027 occisorum
673 1986 843 2025 centum
871 1980 938 2023 vel
964 1985 1132 2024 centum
1174 1980 1478 2034 quinquaginta
1518 1981 1597 2024 mi—

165 2056 225 2100 lia
246 2055 380 2099 fuisse
406 2053 586 2107 videtur,
615 2054 725 2096 inter
749 2066 854 2105 quos
879 2051 994 2095 mille
1020 2051 1206 2094 sexcenti
1234 2050 1394 2103 equites
1421 2053 1476 2102 4).

220 2125 340 2169 Tunc
382 2124 578 2178 temporis
618 2124 744 2166 etiam
787 2121 838 2166 L.
866 2122 1051 2166 Catilina
1077 2120 1410 2174 indignissimum
1437 2121 1596 2165 facinus

167 2195 362 2240 admisit:
387 2209 483 2238 cum
509 2194 680 2237 fratrem
710 2193 792 2235 iam
820 2197 945 2236 antea
971 2206 996 2235 e
1026 2190 1161 2234 medio
1177 2190 1422 2244 sustulisset,
1435 2190 1595 2234 Sullam

168 2266 344 2321 rogavit,
372 2272 420 2309 ut
448 2271 660 2318 tamquam
688 2263 937 2307 incolumem
966 2263 1007 2305 in
1024 2262 1343 2315 proscriptorum
1374 2275 1595 2306 numerum

169 2338 344 2382 referret
384 2341 429 2379 et
468 2334 721 2389 proscriptus
760 2333 845 2377 est!
903 2332 1033 2376 Cuius
1060 2332 1119 2375 rei
1148 2331 1289 2375 Sullae
1318 2330 1426 2375 hanc
1453 2331 1597 2375 retulit

170 2408 373 2463 gratiam:
402 2406 591 2450 Marcum
621 2405 800 2449 Marium
829 2402 1122 2447 Gratidianum
1142 2416 1196 2446 ex
1211 2401 1396 2446 adversis
1409 2402 1597 2456 partibus

222 2634 258 2679 1)
283 2631 371 2668 Vel.
397 2629 503 2668 uu.
528 2628 602 2667 lx.
626 2629 660 2666 2.

220 2698 258 2743 2)
281 2697 381 2744 Aug.
406 2695 454 2733 de
478 2694 560 2732 Cir.
585 2694 658 2731 Dei
683 2692 758 2730 111.
783 2693 842 2730 28.

222 2762 259 2807 8)
283 2760 360 2798 Dio
385 2759 487 2797 Cass.
514 2758 538 2796 l.
564 2758 589 2796 1.
616 2758 703 2795 Vel.
728 2757 835 2795 Max.
861 2756 884 2793 l.
911 2756 935 2793 l.

223 2829 260 2871 4)
285 2826 384 2873 App.
410 2823 453 2861 Β.
479 2823 520 2861 C.
544 2823 577 2860 Ι.
601 2824 647 2860 96
672 2827 712 2859 et
737 2822 816 2859 108.
840 2820 949 2858 Oros.
978 2819 1022 2855 V.
1048 2822 1101 2857 22.
1133 2818 1241 2856 Eutr.
1268 2817 1363 2856 VAE.
1390 2817 1473 2856 val.
1493 2818 1596 2857 Mu.

175 2872 251 2912 IX.
276 2874 310 2910 2.
335 2874 365 2909 1.
391 2871 495 2908 Flor.
518 2870 594 2907 111.
618 2871 661 2907 21
689 2873 728 2906 et
752 2870 809 2906 26.
837 2869 924 2914 Aug
960 2868 1008 2904 ‹lc
1033 2869 1112 2904 viv.
1142 2866 1211 2904 Dei
1237 2866 1312 2903 111.
1337 2867 1393 2903 28.
