1988 3366
176 492 238 533 fl
260 486 386 530 Livio
412 488 652 541 plenissimo
678 501 751 532 ore
779 488 917 532 hausit
944 493 987 532 et
1015 489 1139 533 huius
1164 489 1359 534 historias
1385 492 1540 545 passim
1572 493 1617 535 in

170 550 390 612 ’ffltomen
430 559 580 612 coegit,
622 559 786 602 Aurelii
828 560 992 603 exitum
1033 560 1181 604 eodem
1210 561 1334 604 modo
1362 575 1446 615 quo
1470 567 1618 606 auctor

11 604 13 606 ¹
46 597 55 614 ›,
101 626 122 638 ³*
177 631 322 673 mr
347 629 481 672 refert
509 629 577 684 1);
606 629 757 673 deiude
784 630 932 674 Livius
958 631 1002 684 2)
1030 646 1126 675 cum
1154 632 1384 676 Plutarcho
1409 634 1618 686 convenit,

177 698 253 744 nbi
290 698 455 743 Ofellae
495 700 644 743 caedes
672 707 907 744 narrantur.
962 701 1007 745 Si
1039 702 1168 755 igitur
1193 702 1382 746 divinare
1407 704 1518 757 licet,
1545 704 1618 747 illo

177 769 392 824 scriptore,
419 784 503 823 quo
518 770 852 814 Commentarios
879 772 1101 826 suppleret,
1129 787 1227 816 usus
1254 773 1431 817 videtur.

230 839 466 885 Rmervato
526 843 663 895 capite
703 842 860 886 XXXI
887 842 959 885 ubi
987 843 1039 886 de
1067 844 1433 897 proscriptionibus
1461 845 1616 898 agitur,

176 911 359 965 primum
385 910 439 954 de
466 912 516 955 iis
542 912 807 956 absolvemus
833 927 943 965 quae
970 928 1061 967 cap.
1078 913 1259 957 xxxu
1289 913 1342 957 de
1357 914 1467 957 bello
1486 914 1614 958 Prae-

178 981 343 1025 nestino
383 986 531 1047 auctor
558 982 703 1026 ordine
746 984 935 1037 neglecto
975 985 1125 1027 refert:
1160 983 1264 1028 haec
1291 985 1403 1027 enim
1431 990 1618 1038 tempore

178 1051 321 1106 priora
346 1057 447 1096 sunt
472 1054 532 1103 3).

692 1236 890 1281 CAPUT
918 1237 1112 1281 XXXII.

233 1437 337 1482 Post
377 1452 562 1492 pugnam
598 1437 652 1482 ad
681 1443 842 1491 portam
873 1438 1081 1481 Collinam
1110 1452 1176 1481 res
1206 1438 1504 1481 Praenestinae
1530 1438 1615 1481 iam

179 1509 573 1563 praecipitabantur.
627 1508 713 1552 Ubi
753 1510 865 1552 cives
906 1509 1099 1556 Telesini.
1130 1509 1290 1561 Marcii,
1317 1508 1547 1552 carrinatis
1574 1515 1616 1552 et

182 1577 426 1634 Damasippi
453 1581 592 1633 capita
618 1580 750 1623 hastis
777 1579 964 1634 praefixa
994 1580 1187 1622 viderunt
1205 1585 1247 1622 et
1262 1579 1466 1623 Carbonis
1478 1581 1617 1633 copias

180 1650 293 1695 funus
335 1657 379 1695 et
419 1651 638 1705 dissipatas
664 1651 928 1705 audiverunt,
957 1651 1124 1694 Italiam
1154 1666 1276 1705 porro
1301 1665 1396 1694 cum
1426 1650 1544 1694 Urbe
1572 1651 1615 1695 in

179 1720 324 1766 Sullae
351 1726 558 1776 potestate
583 1736 687 1775 esse,
713 1722 912 1776 oppidum
941 1722 1137 1765 Lucretio
1165 1721 1427 1765 dediderunt.
1457 1722 1618 1765 Marius

179 1792 428 1837 interemtus
462 1797 551 1836 est:
581 1797 679 1836 sunt
705 1793 778 1846 (ιυί
805 1807 881 1836 sua
908 1806 1050 1846 manu,
1078 1798 1175 1836 sunt
1200 1793 1271 1845 qui
1299 1798 1615 1835 concurrentem

179 1864 338 1908 mutuis
375 1864 527 1908 ictibus
567 1877 664 1908 cum
706 1865 867 1907 minore
900 1864 1030 1907 fratre
1057 1863 1241 1907 Telesini
1268 1877 1355 1906 una
1381 1863 1546 1907 οδω
1573 1867 1617 1906 et

179 1939 426 1990 erumpente
465 1936 706 1979 occubuisse
746 1935 1004 1990 prodiderint
1030 1935 1087 1988 4).
1142 1934 1235 1979 Hoc
1262 1941 1404 1978 autem
1432 1935 1617 1978 maxime

180 2005 342 2060 placet3
371 2006 573 2060 probatur
599 2006 713 2050 enim
737 2020 765 2049 a
791 2006 925 2058 Livio,
979 2006 1104 2050 Auct.
1133 2005 1185 2049 de
1215 2006 1268 2048 V.
1295 2006 1330 2048 Ι.
1359 2011 1402 2049 et
1444 2005 1617 2048 Valerio

178 2075 380 2131 Maximo,
405 2076 477 2130 (ιυί
505 2077 770 2130 aliquantum
813 2082 954 2120 tamen
992 2076 1047 2120 ab
1075 2077 1168 2119 aliis
1195 2075 1429 2130 discrepat:
1461 2075 1616 2130 „Caius

183 2146 460 2202 „Mal-ius...
500 2162 596 2191 cum
639 2161 712 2201 per
751 2148 990 2191 cuniculum
1030 2153 1217 2201 captaret
1258 2147 1447 2194 evadere.
1476 2151 1617 2199 septus

184 2218 263 2271 ,ab
306 2219 495 2262 exercitu
536 2223 714 2263 mortem
757 2218 834 2261 sibi
865 2219 1090 2262 conscivit:
1118 2219 1160 2261 in
1189 2219 1277 2271 ipso
1303 2217 1494 2261 cuniculo
1521 2230 1615 2259 cum

180 2289 377 2343 „sentiret
416 2302 461 2333 se
500 2288 680 2334 evadere
721 2290 892 2333 minime
934 2302 1050 2343 posse
1091 2303 1187 2332 cum
1229 2288 1379 2331 Pontio
1407 2287 1615 2340 Telesino,

228 2485 266 2528 1)
289 2481 452 2520 Orosius
477 2482 636 2533 quidem
665 2482 714 2519 V.
738 2483 794 2519 20.
822 2481 992 2519 Lollium
1018 2481 1144 2523 babet,
1168 2481 1236 2519 sed
1263 2481 1334 2518 hoc
1367 2480 1528 2518 minoris
1555 2484 1616 2518 est

182 2530 365 2569 momenti
401 2534 441 2568 st
478 2542 587 2568 error
625 2530 824 2567 Plutarchi
852 2530 914 2567 vel
935 2530 1062 2567 Orosii
1087 2541 1169 2566 esse
1195 2529 1359 2566 videtur.
1409 2527 1615 2570 Diodorus.

180 2590 381 2664 {militana
416 2577 555 2616 Oresio
592 2583 631 2615 et
664 2577 775 2615 Livio
800 2578 1003 2615 convenire
1029 2577 1139 2619 solet,
1177 2577 1365 2614 neminem
1390 2576 1614 2613 nominatim

229 2691 268 2736 2)
293 2689 399 2739 Epic.
421 2691 481 2728 8⁹.

231 2755 271 2801 8)
295 2755 396 2803 App.
423 2754 466 2791 B.
491 2756 534 2792 C.
561 2757 593 2792 1.
618 2757 678 2792 96.

232 2823 269 2860 4)
299 2818 380 2855 Liv.
408 2820 437 2855 Ε
466 2847 474 2855 .
500 2822 556 2856 88.
583 2820 692 2857 Oros.
721 2819 766 2855 V.
793 2820 848 2855 21.
877 2820 937 2867 Ap
966 2845 975 2855 .
1005 2818 1045 2854 13.
1072 2817 1111 2855 C.
1138 2818 1168 2855 1.
1195 2816 1612 2856 94.Vell.1’st.11.27.

188 2866 275 2905 val.
303 2866 408 2903 Max.
475 2867 505 2904 Ι.
531 2869 565 2904 8.
590 2868 622 2905 2.
651 2869 763 2904 Λυσι.
790 2867 837 2903 de
866 2866 912 2903 V.
963 2894 971 2904 .
996 2868 1052 2903 68.
