1988 3366
1033 322 1085 367 94

346 524 422 552 nec
450 510 590 563 fratre,
622 524 697 552 nec
725 510 824 563 filio,
854 524 930 552 nec
960 511 1200 562 parentibus
1228 512 1438 564 exceptis:
1467 513 1782 565 percussoribus

346 595 445 623 vero
488 581 626 623 caedis
667 595 826 623 merces
872 582 955 623 duo
1003 582 1162 623 talenta
1204 582 1315 625 dicta
1345 588 1418 638 est,
1447 585 1610 627 etiamsi
1639 600 1783 628 servus

346 652 571 705 dominum,
601 653 763 694 etiamsi
791 653 901 694 filius
928 656 1090 705 patrem
1118 653 1407 696 interemisset.
1462 655 1580 704 Quod
1596 658 1782 698 omnium

344 723 647 773 iniquissimum
677 724 814 765 visum
845 727 918 776 est,
953 724 1077 765 etiam
1106 725 1428 776 proscriptorum
1458 726 1564 767 filios
1593 730 1634 768 et
1657 741 1782 779 nepo-

346 797 407 834 tes
448 794 621 838 infamia
660 795 823 836 notavit
863 799 905 836 et
934 808 1092 848 eorum,
1119 795 1191 845 qui
1219 796 1437 848 proscripti
1469 801 1510 838 et
1541 797 1609 848 qui
1638 798 1682 839 in
1710 797 1782 839 ad—

344 865 621 906 versariorum
651 865 866 917 praesidiis
896 865 1019 907 occisi
1047 869 1184 907 erant.
1240 866 1574 926 „Adiectum’x’ut
1589 868 1649 909 ait
1666 868 1775 910 Vell.

345 935 370 975 l.
412 935 439 976 l.
488 941 558 988 „ut
602 936 711 977 bona
756 950 900 977 eorum
928 936 1118 978 venirent
1147 937 1387 989 exclusique
1418 939 1601 990 paternis
1630 939 1778 990 opibus

350 1005 494 1058 „liberi
523 1007 649 1047 etiam
679 1006 952 1058 petendorum
981 1006 1185 1049 honorum
1201 1008 1291 1049 iure
1308 1008 1629 1060 prohiberentur
1642 1010 1783 1052 simul-

347 1090 462 1130 „que,
491 1077 600 1127 quod
629 1077 962 1129 indignissimum
980 1082 1053 1123 est,
1071 1082 1310 1120 senatorum
1326 1079 1400 1121 fiiii
1418 1084 1460 1122 et
1478 1094 1606 1122 onera
1628 1080 1783 1123 ordinis

347 1146 629 1201 „sustinerent
650 1155 692 1190 et
721 1149 813 1190 iura
845 1149 1101 1201 perderent.''
1138 1149 1176 1202 1)

398 1218 513 1270 Lege
544 1219 595 1260 de
623 1220 921 1271 proscriptione
949 1234 1056 1270 quae
1085 1219 1128 1261 in
1157 1234 1252 1261 ann.
1270 1224 1512 1271 sequentem
1527 1221 1614 1275 (81)
1631 1221 1782 1264 incidit

346 1294 435 1331 erat
462 1293 678 1343 statutum,
707 1303 834 1341 quam
862 1290 915 1331 ad
944 1290 1053 1331 diem
1085 1291 1400 1342 proscriptiones
1428 1291 1777 1344 venditionesque

345 1361 506 1414 fierent,
535 1361 731 1403 nimirum
760 1362 814 1403 ad
843 1362 939 1403 Kal.
970 1362 1112 1403 Iunias
1142 1362 1197 1414 2).

399 1431 589 1480 Quantus
617 1436 758 1473 autem
786 1436 919 1473 terror
949 1446 1090 1474 omnes
1118 1433 1330 1485 invaserit,
1344 1432 1589 1475 incredibile
1603 1437 1780 1476 narratu

345 1506 406 1544 est
437 1503 491 1555 3).
520 1502 755 1544 Accederes
783 1503 836 1544 ad
866 1503 1064 1556 tabulam,
1093 1517 1166 1554 pro
1196 1504 1356 1545 curioso
1381 1504 1685 1555 periclitareris:
1700 1519 1782 1547 non

345 1573 574 1625 accederes,
614 1588 687 1625 pro
732 1573 999 1626 indignante3
1044 1588 1264 1625 quaereres
1306 1574 1407 1625 quid
1434 1575 1633 1626 scriptum
1662 1579 1783 1627 esset,

347 1658 420 1694 pro
463 1648 502 1685 te
532 1648 604 1685 aut
632 1645 714 1686 tuis
743 1645 997 1686 conscientia
1025 1645 1225 1686 sollicitus
1254 1644 1478 1691 videreris;
1507 1645 1693 1687 adstares
1720 1650 1782 1688 ta-

345 1714 463 1766 citus,
516 1714 622 1756 odiis
676 1715 887 1757 latronum
928 1715 1151 1767 obicerere,
1192 1719 1409 1766 tamquam
1459 1716 1567 1757 tristi
1613 1716 1780 1759 silentio

347 1786 583 1836 praesentia
615 1785 829 1827 damnans.
859 1786 969 1827 Nam
998 1790 1040 1827 et
1068 1786 1189 1827 multi
1218 1785 1329 1837 quod
1358 1786 1424 1828 vel
1453 1786 1710 1829 subriserant
1728 1786 1782 1829 ad

349 1857 451 1898 talia
487 1857 554 1898 vel
594 1857 774 1899 frontem
819 1861 1129 1911 contraxerant,
1168 1856 1461 1899 caedebantur.
1518 1857 1667 1909 Neque
1709 1862 1783 1901 aut

347 1928 470 1969 amici
498 1942 596 1969 casu
622 1928 893 1980 ingemiscere
924 1932 998 1969 aut
1025 1927 1251 1970 adversarii
1281 1928 1406 1970 exilio
1437 1929 1583 1970 laetari
1612 1930 1782 1982 impune

350 2003 452 2040 erat.
497 1999 723 2041 Praeterea
752 1999 895 2040 multis
925 1999 1177 2050 perniciosus
1206 1999 1499 2051 cognominum
1530 2014 1646 2041 error
1659 2006 1777 2051 erat;

349 2083 456 2120 quae
498 2084 768 2122 percussores,
810 2070 882 2112 ubi
923 2071 1172 2122 proscriptos
1199 2084 1283 2112 non
1314 2077 1494 2123 nossent,
1523 2068 1615 2112 aliis
1650 2070 1781 2113 adfin-

348 2140 503 2192 gebant
541 2141 834 2192 oriebaturque
875 2155 997 2192 saepe
1024 2141 1327 2192 imponentium
1356 2141 1603 2193 cognomina
1631 2146 1673 2184 et
1699 2142 1779 2183 rei-

346 2212 545 2252 cientium
585 2211 810 2253 vehemens
850 2212 1075 2253 contentio.
1130 2211 1346 2253 Adversus
1392 2212 1589 2254 mulieres
1616 2225 1781 2264 quoque

348 2281 465 2323 Sulla
493 2281 651 2333 gladios
678 2281 901 2334 distrinxit,
927 2282 1044 2332 quasi
1072 2296 1220 2333 parum
1250 2281 1447 2324 caedibus
1479 2282 1666 2324 virorum
1683 2283 1781 2324 sati-

349 2356 454 2394 atus.
494 2351 545 2394 Id
573 2365 736 2403 quoque
763 2352 1027 2404 inexplebilis
1055 2352 1231 2393 feritatis
1259 2351 1460 2394 indicium
1487 2356 1559 2395 est:
1578 2353 1781 2406 „abscissa

350 2423 619 2475 „miserorum
646 2423 795 2476 capita,
827 2422 947 2464 modo
963 2436 1045 2464 non
1065 2422 1228 2464 vultum
1242 2437 1290 2464 ac
1305 2422 1494 2474 spiritum
1509 2423 1779 2466 retinentium

399 2701 432 2744 1)
459 2698 569 2733 Hanc
593 2699 788 2734 infamiam
815 2698 953 2734 Caesar
978 2697 1132 2734 demum
1157 2696 1337 2734 abolevit.
1363 2696 1470 2734 Plut.
1497 2697 1600 2734 Caes.
1626 2698 1684 2734 34.

398 2765 433 2807 2)
459 2762 534 2797 Cic.
565 2776 633 2809 pro
659 2764 769 2799 Rosc.
800 2764 928 2798 Amer.
953 2775 984 2798 c.
1010 2763 1066 2798 43.
1094 2762 1195 2798 Vell.
1221 2762 1246 2799 1.
1273 2762 1298 2798 l.
1325 2762 1400 2798 Cic.
1427 2763 1474 2798 de
1499 2763 1571 2810 leg.
1597 2775 1675 2810 agr.
1700 2762 1776 2798 ΙΙΙ.

350 2810 382 2845 2.
410 2813 442 2844 8.
469 2813 501 2845 6.
529 2813 584 2845 12.
612 2811 720 2846 Verr.
747 2812 779 2846 I.
805 2812 862 2848 47.
890 2810 1054 2855 Quintil.
1081 2810 1177 2846 Inst.
1204 2809 1310 2846 Orat.
1337 2810 1410 2846 XI.
1438 2812 1470 2845 1.
1498 2812 1555 2846 85.

396 2876 430 2920 3)
456 2874 531 2910 Dio
558 2876 658 2911 Cass.
685 2876 835 2922 Fragm.
862 2875 961 2911 Peir.
988 2875 1070 2912 137.
1094 2876 1126 2910 3.
1151 2874 1326 2911 Freinsh.
1350 2874 1420 2921 Ep.
1446 2876 1502 2910 88.
