1988 3366
1062 312 1112 352 72

377 494 603 546 plurimum
645 492 825 546 valebat,
867 506 1002 544 neque
1043 492 1145 534 mihi
1189 493 1232 534 in
1274 493 1414 535 animo
1448 498 1510 536 est
1538 495 1626 537 eius
1653 494 1809 547 gloriae

375 565 550 607 bellicae
578 564 826 606 obtrectare.
882 553 991 605 Nam
1022 563 1162 605 Sullae
1190 559 1809 619 nequitiam,libidinem,luxu·

375 636 493 689 riam,
525 635 831 687 crudelitatem,
861 639 996 677 artem
1024 634 1247 676 simulandi
1276 639 1318 676 et
1346 635 1633 678 dissimulandi
1661 650 1810 688 expro-

375 706 556 758 brantes,
598 719 680 747 non
725 705 879 746 infitias
921 705 1075 746 ibimus
1111 719 1208 746 eum
1234 705 1391 747 virtute
1419 706 1548 748 animi
1576 710 1619 748 et
1645 706 1811 758 ingenio

374 777 591 828 excellere,
619 776 823 828 imprimis
851 780 992 817 autem
1022 779 1112 817 arte
1142 775 1290 817 bellica
1317 777 1478 817 florere.

428 847 548 889 Bello
590 847 738 889 Italico
775 847 950 889 victoria
979 846 1246 888 Sullanorum
1275 847 1461 890 maxime
1488 847 1592 889 mihi
1619 846 1813 890 adversa·

374 918 533 960 riorum
559 917 807 970 imperitiae,
836 917 1041 959 simultati
1070 922 1112 958 et
1140 916 1369 959 discordiae
1385 916 1610 960 tribuenda
1625 916 1811 960 videtur:

375 1003 498 1031 nemo
527 989 638 1031 enim
667 1002 811 1031 eorum
841 993 1006 1040 praeter
1041 987 1271 1030 Sertorium
1286 989 1441 1030 virtute
1458 988 1607 1033 bellica
1620 987 1808 1031 valebat:

377 1059 525 1102 deinde
555 1059 838 1111 unusquisque
872 1073 946 1100 suo
975 1059 1153 1111 nomine,
1182 1059 1413 1101 rationibus
1430 1059 1527 1100 belli
1542 1058 1714 1111 gerendi
1732 1073 1812 1101 non

376 1130 703 1183 communicatis,
729 1143 819 1172 rem
845 1130 1019 1182 gerebat
1049 1143 1098 1171 eo
1125 1129 1307 1183 consilio,
1335 1133 1383 1172 ut
1409 1129 1554 1172 laudes
1582 1129 1756 1172 bellicae
1768 1130 1812 1172 in

377 1216 420 1244 se
448 1216 578 1244 unum
623 1201 909 1243 redundarent
964 1201 1025 1242 ita
1065 1205 1113 1242 ut
1155 1200 1276 1243 facile
1303 1201 1456 1253 singuli
1484 1201 1593 1243 vinci
1622 1204 1664 1243 et
1690 1203 1812 1244 atteri

377 1277 555 1326 possent.
612 1271 735 1313 Adde
780 1272 883 1313 alios
926 1285 1051 1313 causa
1079 1271 1272 1323 populari
1299 1271 1464 1323 prodita
1495 1271 1548 1313 ad
1576 1285 1673 1313 eum
1700 1270 1812 1313 defe-

378 1343 492 1396 cisse,
537 1342 640 1384 alios
681 1357 736 1384 ex
778 1342 1048 1394 optimatibus
1089 1341 1203 1383 haud
1243 1341 1382 1393 parvis
1424 1342 1551 1394 copiis
1587 1342 1675 1383 eius
1704 1341 1813 1384 vires

375 1414 554 1466 auxisse,
595 1414 704 1455 inter
732 1427 834 1464 quos
880 1413 928 1462 Q.
959 1412 1188 1455 Caecilium
1218 1413 1436 1455 Metellum
1466 1412 1605 1466 Pium,
1635 1413 1691 1455 Μ.
1721 1412 1810 1455 Lic.

377 1484 585 1535 Crassum,
619 1483 694 1526 Cn.
724 1484 987 1537 Pompeium,
1016 1483 1065 1525 P.
1097 1483 1321 1526 Servilium
1350 1483 1598 1537 Isauricum,
1627 1483 1673 1526 C.
1705 1483 1812 1526 Ver·

377 1570 464 1598 rem
494 1555 730 1597 nominasse
759 1555 858 1597 satis
887 1555 979 1596 erit.

430 1627 660 1679 Postquam
702 1626 741 1668 ei
784 1626 895 1679 apud
938 1626 1169 1667 Tarentum
1211 1625 1326 1667 Deus
1353 1624 1508 1667 frustra
1537 1625 1745 1677 protendit
1775 1626 1814 1675 1)

378 1722 431 1729 -
459 1703 604 1740 auctor
617 1712 704 1740 rem
733 1711 850 1739 more
878 1697 998 1739 solito
1026 1696 1248 1748 diligenter
1275 1696 1513 1749 perscripsit
1531 1719 1583 1730 -ψ-
1605 1697 1647 1738 in
1677 1695 1815 1739 hostes

379 1769 585 1822 profectus
601 1773 661 1810 est
678 1768 951 1817 Brundisinis,
962 1767 1072 1819 quod
1089 1767 1324 1809 venientem
1342 1770 1530 1819 prompte
1543 1767 1816 1820 excepissent,

379 1840 644 1882 immunitate
688 1853 901 1881 concessa:
950 1842 1142 1892 „putares
1169 1852 1266 1879 eum
1295 1837 1457 1879 venisse
1485 1870 1495 1880 .
1526 1870 1534 1879 .
1566 1867 1575 1876 .
1604 1851 1687 1879 non
1718 1837 1817 1879 belli

383 1910 626 1964 „vindicem,
655 1909 727 1952 sed
755 1910 868 1962 pacis
895 1914 1133 1951 auctorem:
1160 1913 1277 1950 tanta
1306 1922 1399 1950 cum
1432 1908 1570 1959 quiete
1585 1907 1818 1950 exercitum

385 1996 481 2036 „per
526 1981 762 2023 Calabriam
808 1980 1090 2032 Apuliamque
1142 1993 1237 2020 cum
1278 1978 1477 2030 singulari
1507 1993 1608 2020 cura
1634 1978 1818 2031 frugum,

385 2066 615 2106 „agrorum,
655 2050 884 2098 hominum,
929 2050 1094 2092 urbium
1139 2049 1335 2102 perduxit
1363 2049 1405 2090 in
1435 2048 1734 2101 Campaniam''
1762 2048 1818 2101 2).

384 2123 504 2172 Quod
545 2126 687 2163 autem
731 2125 812 2163 iter
849 2121 891 2162 in
920 2120 1028 2162 hanc
1057 2120 1270 2172 regionem
1292 2120 1335 2161 -ei
1364 2119 1545 2171 patebat,
1575 2122 1820 2171 argumento

383 2199 445 2235 est
485 2192 817 2234 adversariorum
848 2191 1026 2233 ducibus
1057 2191 1255 2232 virtutem
1284 2195 1326 2231 et
1353 2189 1604 2231 industriam
1630 2189 1819 2240 defuisse,

384 2279 479 2306 cum
523 2264 726 2315 imprimis
769 2261 848 2303 hoc
891 2261 1100 2313 agendum
1142 2264 1265 2310 esset,
1306 2264 1352 2301 ut
1392 2259 1508 2301 aditu
1552 2273 1625 2311 per
1659 2263 1820 2301 montes

386 2335 627 2386 Apenninos
658 2332 958 2384 prohiberetur.

439 2405 560 2446 Unus
599 2404 817 2456 Appianus
844 2403 886 2455 3)
919 2406 1072 2453 narrat,
1103 2401 1176 2443 sed
1203 2401 1319 2454 falso,
1351 2401 1525 2452 primam
1556 2414 1739 2452 pugnam
1767 2399 1820 2441 ad

388 2475 628 2526 Canusium,
669 2473 779 2525 quod
819 2478 909 2515 erat
952 2472 1134 2524 Apuliae
1175 2471 1386 2524 oppidum,
1428 2471 1690 2512 commissam
1733 2483 1822 2512 esse

387 2545 559 2589 cacteris
586 2544 825 2586 auctoribus
855 2557 950 2585 cum
980 2541 1207 2584 Plutarcho
1236 2540 1601 2583 consentientibus,
1631 2541 1674 2593 4)

438 2679 473 2723 1)
499 2678 599 2724 Aug.
626 2676 672 2712 de
700 2675 780 2711 Civ.
805 2674 890 2711 Dei.
915 2674 971 2710 II.
1000 2675 1056 2709 24.

437 2744 472 2787 2)
499 2742 601 2778 Vell.
626 2741 710 2777 Pat.
738 2740 794 2776 Π.
822 2741 878 2776 24.

440 2808 476 2852 3)
502 2806 545 2842 B.
574 2806 613 2842 C.
638 2806 670 2842 Ι.
697 2807 754 2841 84.

438 2874 474 2918 4)
499 2871 603 2907 Flor.
641 2871 718 2908 ΠΙ,
743 2871 800 2906 21.
828 2869 929 2906 Vell.
954 2869 1040 2905 Pat.
1066 2869 1121 2904 Π.
1146 2870 1202 2905 25.
1230 2867 1338 2904 Oros.
1366 2866 1414 2902 V.
1442 2867 1498 2903 20.
1527 2866 1690 2914 Eutrop.
1721 2865 1764 2900 V.
1791 2867 1822 2902 5ν
