1988 3366
844 313 900 357 8⁷

148 497 221 544 vd
247 503 440 553 quatuor,
469 499 730 554 Augustinus
751 499 803 543 de
823 498 915 543 Oiv.
936 499 1016 543 Dei
1036 499 1140 553 (111.
1167 500 1238 553 28)
1266 504 1426 554 septem
1453 501 1586 555 milia,

146 569 218 615 ni
249 569 505 624 unffi-agatur
531 570 627 614 Sen-
655 570 708 614 de
737 570 869 614 Clem.
901 572 962 614 12.
994 570 1134 625 „Quia
1161 572 1349 625 inquam,
1377 576 1585 625 tyrannus

149 645 262 698 ‚hm
275 641 399 686 avide
415 641 648 686 humanum
674 643 920 695 sanguinem
950 643 1056 686 bibit
1082 657 1210 696 quam
1236 643 1308 687 ille
1339 644 1410 696 qui
1424 648 1584 697 septem

148 712 288 768 ,milia
317 713 473 756 civium
502 713 789 757 Romanorum
830 713 1111 757 oontrucidari
1143 714 1299 757 iussit.”
1325 713 1458 757 Porro
1485 713 1581 757 Val.

144 782 263 828 Hax.
293 783 373 828 lx.
402 785 441 827 2.
472 786 508 827 1.
537 789 717 837 quatuor
746 784 930 838 legiones
959 784 1086 828 fuisse
1114 789 1304 838 testatur,
1331 784 1483 828 Florus
1497 784 1581 828 111.

144 856 185 899 2.
225 867 448 899 numerum
489 854 545 898 ad
587 860 768 908 quatuor
808 856 931 898 milia*
963 855 1092 909 ponit,
1119 855 1243 899 Auet-
1273 854 1326 898 de
1354 854 1408 898 V.
1436 855 1471 898 1.
1516 857 1579 899 75.

143 937 295 969 novem
323 925 442 969 milia
469 939 590 969 caesa
618 926 744 969 fuisse
771 926 964 969 affirmat.
1007 926 1089 969 Dio
1105 925 1272 969 Caesius
1284 925 1453 979 Fragm.
1469 925 1580 969 Peir.

146 997 224 1040 135
249 995 379 1040 tradit
405 996 450 1039 in
477 1010 623 1039 eorum
650 1011 825 1040 numero
856 997 1009 1040 multoe
1035 997 1162 1040 fuisse
1190 1011 1247 1039 ex
1273 996 1405 1039 Urbe.

195 1066 351 1111 Poste·
390 1067 634 1111 felicitatem
677 1067 774 1120 diei,
801 1082 885 1120 quo
910 1067 1162 1111 Samnitium
1191 1067 1456 1120 Telesinique
1486 1068 1579 1121 pul·

140 1151 214 1182 me
236 1143 301 1182 eet
326 1139 548 1191 exercitus,
577 1138 694 1182 Sulla
723 1144 925 1192 perpetua
950 1138 1144 1182 ludorum
1173 1138 1431 1182 Circensium
1447 1138 1578 1182 hono·

140 1207 203 1253 vit
249 1209 467 1263 memoria,
512 1210 585 1262 qui
632 1209 710 1253 sub
756 1210 846 1252 eius
890 1210 1058 1253 nomine
1098 1209 1314 1264 (Sullanae
1362 1209 1575 1262 victoriae)

138 1278 419 1324 celebrantur.
451 1278 490 1333 1)

191 1349 307 1394 Dum
335 1354 479 1394 autem
507 1350 686 1394 crudelis
713 1351 787 1393 illa
815 1350 963 1393 caedes
989 1350 1050 1404 fit,
1071 1350 1190 1394 Sulla
1210 1351 1254 1393 in
1268 1355 1429 1404 senatu,
1445 1364 1569 1404 quem

138 1421 183 1465 in
222 1421 328 1465 aede
366 1421 567 1465 Bellonae
606 1428 919 1473 convocaverat,
960 1421 1089 1464 verba
1128 1422 1238 1465 fecit.
1293 1421 1455 1476 Patres,
1497 1422 1569 1465 ubi

136 1491 341 1537 clamores
366 1507 392 1536 a
419 1497 538 1536 tanta
565 1492 846 1546 multitudine,
873 1506 981 1545 quae
1009 1493 1052 1535 in
1078 1498 1257 1545 angusto
1287 1492 1377 1535 loco
1404 1492 1568 1546 iugula-

138 1562 275 1617 batur,
315 1562 526 1617 audivere,
566 1564 759 1607 exterriti
787 1564 1035 1616 attonitique
1065 1569 1181 1606 sunt:
1210 1564 1297 1616 ipse
1325 1563 1445 1606 vultu
1474 1578 1567 1607 con·

130 1634 259 1678 stanti
285 1638 329 1677 et
356 1635 529 1678 immoto
555 1648 626 1678 eos
640 1636 827 1678 animum
844 1634 1062 1678 advertere
1079 1635 1195 1677 iussit
1210 1634 1251 1677 in
1266 1649 1375 1687 quae
1390 1634 1569 1687 dicebat,

130 1718 208 1749 nec
222 1705 384 1748 curiose
412 1706 623 1757 requirere
640 1706 750 1758 quod
769 1705 973 1758 agebatur
986 1705 1104 1748 foris:
1122 1705 1341 1748 nonnullos
1361 1705 1570 1759 improbos

129 1775 243 1819 iussu
290 1789 366 1819 suo
405 1776 614 1829 castigari.
670 1776 789 1827 Quae
833 1790 899 1819 res
945 1776 1012 1819 vel
1055 1775 1383 1829 stupidissimum
1427 1776 1568 1819 docuit

130 1846 403 1890 mutationem
444 1847 612 1900 tyranni
641 1847 796 1890 factam
824 1861 906 1890 non
936 1846 1240 1890 liberationem.
1267 1849 1307 1892 2)
1364 1846 1433 1890 Ita
1461 1847 1563 1891 Plu-

129 1915 310 1971 tarchus,
337 1918 409 1970 qui
437 1917 588 1961 deinde
614 1917 820 1971 quaedam
846 1917 963 1961 addit
989 1932 1098 1971 quae
1128 1917 1417 1972 philosophum
1447 1917 1566 1962 redo·

126 1986 234 2031 lent:
261 1989 570 2041 comparatione
597 1989 708 2031 enim
741 1988 921 2032 Marium
949 1989 1058 2032 inter
1086 1993 1129 2031 et
1158 1989 1319 2031 Sullam
1353 1989 1557 2042 instituta,

125 2071 303 2111 quorum
341 2058 459 2110 alter,
499 2074 526 2102 a
563 2060 698 2112 prima
724 2065 863 2103 aetate
890 2059 1078 2112 acerbus,
1107 2060 1319 2113 ingenium
1351 2065 1558 2113 potestate

128 2127 321 2182 intendit,
367 2143 451 2173 non
491 2130 674 2183 invertit,
714 2130 822 2174 alter
862 2130 916 2173 ad
955 2130 1279 2173 misericordiam
1316 2130 1479 2182 flexilis,
1507 2130 1563 2175 ab

128 2199 247 2243 initio
275 2199 442 2243 fortuna
468 2200 681 2244 moderato
709 2201 807 2255 lata,
835 2207 882 2244 ut
909 2201 1031 2245 facile
1061 2202 1257 2244 lacrimae
1273 2202 1310 2245 ei
1329 2207 1561 2254 manarent,

127 2269 309 2314 ostendit
353 2272 582 2324 potentiam
624 2286 762 2315 mores
804 2271 978 2315 reddere
1012 2272 1219 2326 vecordes,
1246 2279 1491 2326 arrogantes
1517 2279 1561 2317 et

127 2340 388 2385 inhumanos.
465 2342 618 2386 Utrum
673 2348 815 2386 autem
871 2343 1038 2387 fortuna
1092 2343 1318 2387 humanam
1377 2344 1557 2388 indolem

126 2420 402 2465 naturamque
432 2413 613 2457 invertat
658 2428 711 2457 an
754 2413 889 2467 potius
933 2414 1056 2457 insita
1084 2415 1265 2467 pravitas
1299 2416 1340 2458 in
1371 2416 1556 2468 potentia

126 2482 358 2536 detegatur,
385 2482 463 2526 hoc
476 2498 571 2527 cum
589 2484 815 2528 Plutarcho
830 2484 923 2541 aliis
938 2483 1250 2528 diiudicandum
1269 2486 1554 2539 relinquimus.

126 2552 268 2596 Etiam
301 2552 412 2597 Vsu.
440 2553 686 2598 Pat11.17.
713 2555 895 2598 affirmat
921 2555 1010 2598 eius
1039 2569 1174 2598 mores
1202 2556 1375 2599 victoria
1401 2557 1551 2600 immu-

176 2750 212 2795 1)
235 2746 339 2785 Van.
363 2746 419 2784 11.
440 2748 498 2786 27.
524 2747 600 2785 Cic.
625 2748 664 2785 in
691 2748 800 2787 Vei-r.
828 2750 858 2786 1.
886 2751 940 2787 10.

175 2813 211 2858 2)
235 2814 390 2864 Ἀλλαγὴ
420 2814 460 2852 τὸ
517 2819 607 2865 eiga:
635 2814 852 2868 τυραννίδος,
880 2818 939 2853 οὐκ
955 2818 1140 2867 ἁπιλλκγὴ
1155 2816 1412 2867 γέγονεεφιοᾶ
1430 2817 1549 2866 magi·

126 2864 302 2905 Sallustii
324 2877 441 2917 quam
516 2871 573 2905 ut.
595 2879 678 2905 esse
703 2867 865 2907 videtur.
