1988 3366
1004 348 1079 391 108

322 541 578 580 armatorum
618 534 842 577 multitudo
885 533 1155 585 sequebatur:
1204 532 1276 584 qui
1318 531 1394 574 sub
1435 531 1525 573 eius
1564 529 1756 582 auspiciis

322 607 526 659 stipendia
567 610 806 648 meruerant
846 605 1028 656 undique
1075 603 1128 646 ad
1171 604 1295 645 funus
1334 601 1629 645 celebrandum
1659 614 1755 643 cum

323 680 450 721 armis
493 678 758 720 confluebant
798 680 839 718 et
879 680 927 718 ut
967 676 1140 727 quisque
1190 674 1430 727 advenerat,
1459 673 1597 714 locum
1629 685 1755 713 suum

324 750 564 802 capiebant3
621 748 704 790 alia
758 760 921 799 quoque
975 745 1200 788 multitudo
1257 744 1440 795 undique
1482 743 1756 785 confluxerat.

325 820 677 863 Praeferebantur
703 832 868 861 secures
896 822 937 860 et
964 822 1103 860 cetera
1117 817 1308 868 insignia,
1323 815 1473 867 quibus
1488 829 1587 856 usus
1601 813 1757 855 fuerat.

326 892 562 934 Plurimum
591 905 688 932 vero
717 889 943 941 splendoris
957 903 1131 940 pompae
1146 887 1330 940 accessit,
1346 886 1418 928 ubi
1433 886 1488 928 ad.
1504 885 1650 928 urbem
1665 898 1757 936 per·

325 967 498 1004 ventum
527 966 599 1003 est.
655 961 801 1002 Funus
828 959 1000 1001 solemni
1038 972 1189 1011 pompa
1216 956 1477 1000 deducebant
1506 954 1759 1006 sacerdotes,

327 1033 532 1085 Vestales,
571 1032 840 1082 magistratus
881 1044 1023 1071 omues
1050 1044 1143 1072 cum
1187 1029 1270 1071 suis
1311 1028 1485 1079 quisque
1513 1026 1757 1078 insignibus,

327 1108 495 1145 senatus
522 1102 751 1154 universus,
778 1101 937 1152 equites
965 1104 1007 1142 et
1023 1100 1209 1152 legiones
1229 1113 1382 1150 omnes,
1397 1101 1599 1149 quotquot
1616 1096 1692 1138 sub
1709 1109 1758 1137 eo

329 1174 623 1215 militaverant.
680 1172 867 1214 Coronae
895 1185 1060 1224 aureae,
1089 1171 1260 1212 donaria
1287 1170 1505 1212 civitatum
1536 1168 1600 1209 vel
1631 1166 1758 1218 legio-

330 1259 431 1286 num
459 1245 527 1287 vel
541 1244 780 1295 amicorum,
797 1244 888 1295 plus
903 1256 1029 1294 quam
1045 1242 1187 1284 decem
1204 1242 1318 1283 milia
1340 1239 1683 1293 praeferebantur
1704 1237 1758 1290 1.)

330 1316 530 1357 Mulieres
569 1319 656 1356 tam
702 1314 988 1356 incredibilem
1017 1319 1251 1355 aromatum
1281 1312 1442 1363 copiam
1471 1312 1759 1362 apportarunt,
1813 1311 1815 1313 ’

331 1391 379 1427 ut
422 1386 582 1427 fercula
624 1385 878 1437 complerent
923 1384 1102 1426 ducenta
1130 1384 1273 1425 decem
1314 1384 1489 1434 integra,
1519 1394 1640 1433 porro
1669 1384 1759 1422 tum

331 1457 460 1509 ipsius
502 1456 642 1498 Sullae
670 1457 780 1498 iusta
819 1455 1108 1508 magnitudine
1151 1455 1432 1504 simulacrum,
1475 1456 1565 1494 tum
1602 1451 1758 1492 lictoris

332 1542 387 1569 ex
414 1527 705 1578 pretiosissimo
735 1531 827 1569 ture
856 1532 897 1568 et
924 1541 978 1568 ex
1005 1527 1196 1568 cinnamo
1226 1525 1368 1567 fictum
1400 1527 1501 1565 erat.
1543 1521 1759 1563 Cadavere

332 1603 430 1640 ante
456 1603 588 1641 rostro
615 1599 746 1651 posito
777 1598 907 1640 oratio
935 1597 1120 1639 funebris
1152 1596 1297 1638 habita
1324 1600 1396 1636 est.
1442 1593 1546 1635 Inde
1573 1591 1761 1634 nonnulli

333 1673 542 1711 senatores
570 1669 777 1710 sublatam
805 1669 848 1710 in
896 1668 1088 1710 humeros
1124 1667 1315 1709 lecticam
1343 1667 1386 1707 in
1416 1665 1620 1716 Campum
1653 1663 1759 1705 Mar·

333 1741 438 1782 tium
485 1740 800 1792 transtulerunt,
828 1740 901 1780 ubi
936 1742 1202 1780 cremaretur.
1259 1736 1379 1785 Quod
1407 1736 1563 1777 factum
1594 1738 1656 1776 est
1684 1734 1762 1776 sub

334 1825 486 1852 nonam
516 1815 679 1852 tantum
709 1810 792 1852 diei
819 1810 977 1858 horam,
1007 1824 1102 1851 cum
1130 1823 1155 1850 a
1183 1808 1317 1860 prima
1346 1808 1437 1849 luce
1453 1806 1566 1848 coelo
1582 1805 1763 1847 nubibus

335 1882 531 1924 obvoluto
573 1881 758 1933 pluviam
799 1894 930 1932 usque
970 1882 1271 1932 exspectarent.
1326 1878 1562 1920 Ventorum
1591 1876 1762 1918 afflabat

336 1953 434 1994 satis
463 1967 616 2004 magna
633 1953 706 2005 vis,
735 1964 842 2003 quae
856 1952 1070 2003 ingentem
1088 1951 1194 2003 ignis
1211 1949 1411 1991 excitavit
1426 1949 1657 1989 flammam:
1676 1947 1764 1989 vix-

336 2023 436 2065 dum
464 2027 604 2065 autem
634 2027 865 2065 crematum
894 2026 985 2064 erat
1013 2036 1159 2073 corpus
1179 2033 1391 2073 pyraeque
1409 2019 1642 2060 exstinctus
1655 2017 1765 2069 ignis

336 2109 431 2136 cum
476 2095 594 2146 larga
632 2094 798 2145 pluviae
839 2094 957 2145 copia
978 2092 1143 2145 decidit,
1171 2105 1277 2143 quae
1304 2091 1358 2133 ad
1386 2091 1563 2132 multam
1594 2093 1759 2131 noctem

335 2165 514 2217 duravit,
556 2172 603 2206 ut
643 2164 818 2216 populus
862 2164 1028 2216 diceret,
1071 2148 1426 2204 fortunam'illam
1455 2161 1674 2202 fautricem
1703 2173 1756 2200 ne

337 2240 550 2278 mortuum
578 2235 745 2286 quidem
774 2235 933 2276 Sullam
963 2234 1203 2275 deseruisse.
1235 2233 1276 2285 2)

392 2306 560 2347 Primus
604 2319 658 2347 ex
701 2305 882 2357 patriciis
914 2305 1115 2346 Corneliis
1144 2303 1319 2346 cremari
1349 2303 1490 2354 voluit,
1519 2302 1676 2343 veritus
1704 2305 1766 2343 ta-

339 2378 504 2430 lionem,
546 2381 664 2418 eruto
706 2376 752 2418 O.
782 2376 905 2417 Marii
935 2375 1138 2418 cadavere
1168 2374 1223 2426 3).
1261 2373 1506 2425 Sepulcrum
1535 2374 1578 2414 in
1608 2372 1767 2425 Campo

341 2450 493 2491 Martio
533 2447 838 2500 exstruebatur,
874 2448 990 2490 cuius
1018 2448 1242 2500 inscriptio,
1269 2460 1395 2500 quam
1423 2447 1510 2498 ipse
1538 2445 1617 2487 sibi
1648 2445 1767 2487 vivus

341 2521 615 2574 composuisse
643 2519 806 2573 dicitur,
835 2510 941 2562 hanc
967 2507 1053 2562 fere
1082 2518 1284 2571 expressit
1311 2517 1572 2570 sententiam,
1588 2530 1676 2559 sese
1692 2529 1767 2558 nec

392 2790 427 2833 1)
453 2787 553 2834 App.
579 2787 605 2822 1.
630 2787 655 2823 1.

391 2854 427 2897 2)
453 2852 557 2887 Plut.
583 2852 630 2887 de
657 2852 766 2887 Rom.
793 2851 879 2886 fort.
906 2863 941 2898 p.
968 2850 1047 2885 318.

394 2920 430 2965 3)
455 2917 555 2955 Plin.
582 2917 633 2954 H.
660 2917 709 2952 N.
736 2916 829 2952 VII.
857 2918 912 2954 54.
940 2915 1015 2955 Cic.
1042 2914 1089 2951 de
1115 2914 1187 2963 leg.
1215 2914 1269 2948 11.
1295 2913 1352 2951 22.
