1988 3366
824 306 879 361 99

131 507 285 553 „euna
309 499 482 553 impune
509 505 648 554 posset
671 501 887 545 occidere·
920 503 973 554 1).
1029 503 1222 547 Tandem
1249 503 1467 550 decretum
1498 507 1577 559 est,

129 572 182 615 ut
217 570 285 614 ius
312 570 519 615 bonorum
546 572 842 625 publicationis
869 573 1057 627 haberet,
1085 579 1134 618 ut
1160 576 1201 618 ei
1228 576 1413 620 colonias
1439 577 1571 621 dedu·

125 652 223 684 οπο
259 641 417 695 liceret,
456 642 581 686 urbes
614 642 793 686 condere
832 648 876 688 et
915 649 1119 699 evertere,
1160 660 1291 699 regna
1334 648 1497 700 eripere
1525 655 1569 691 et

127 709 289 755 donare
331 713 399 755 cui
441 713 567 756 vellet
611 714 668 766 2).
720 713 905 767 „Unus'’.
933 715 993 758 ait
1021 715 1168 759 Cicero
1196 718 1240 769 3)
1271 731 1403 770 „unus
1431 717 1569 761 adhuc

127 780 234 836 ‚fuit
257 795 350 836 post
378 783 558 827 Romam
586 784 798 827 conditam
825 784 899 835 (dii
928 786 1186 829 immortales
1200 787 1351 840 faxint,
1365 802 1419 831 ne
1434 789 1488 832 sit
1507 789 1570 831 al·

127 855 235 907 ,ten
259 853 329 896 oui
356 866 424 897 res
451 853 619 907 publica
645 861 777 898 totam
805 869 850 899 se
878 856 1075 910 traderet,
1104 858 1361 910 temporibus
1388 863 1431 902 et
1458 873 1568 902 mor-

126 922 217 978 ,bis
239 930 386 967 onacta
411 923 661 979 domesticis,
688 926 738 969 L.
767 926 898 970 Sulla.
929 926 1010 970 Hic
1026 933 1190 971 tantum
1208 929 1355 982 potuit.
1381 934 1429 972 ut
1443 943 1566 972 nemo

126 993 224 1049 ,mo
266 995 399 1039 invito
437 1010 515 1039 nec
556 996 678 1046 bona,
706 998 899 1050 patriam,
926 1012 1004 1040 nec
1032 999 1163 1041 vitam
1192 999 1374 1043 retinere
1401 1005 1564 1053 posset:

125 1069 316 1119 ¹,tuntum
356 1066 486 1110 animi
527 1067 676 1111 babuit
711 1067 767 1110 nd
806 1067 1026 1111 audaciam
1055 1073 1102 1112 ut
1129 1069 1269 1113 dicere
1296 1070 1338 1113 in
1366 1071 1561 1115 contione

124 1150 234 1192 ¹,nou
260 1137 486 1192 dubitaret,
517 1139 626 1182 bona
651 1140 807 1183 civium
835 1140 1124 1184 Romanorum
1151 1156 1249 1185 cum
1277 1141 1490 1197 venderet,
1517 1158 1562 1187 se

124 1208 348 1264 ,praedam
374 1224 494 1253 suam
522 1210 739 1253 vendere.’'

172 1279 225 1324 In
252 1279 415 1324 Urbem
443 1281 608 1325 rediens
633 1296 730 1325 cum
745 1282 927 1325 fascibus
942 1282 1089 1334 viginti
1103 1287 1286 1335 quatuor
1299 1285 1501 1337 processit
1515 1285 1559 1338 4)

118 1351 232 1406 quod
270 1366 395 1396 nemo
434 1367 636 1405 umquam
663 1354 839 1396 fecerat:
866 1367 976 1406 quae
1005 1368 1115 1397 nova
1142 1354 1302 1407 species
1328 1354 1556 1408 proceden-

119 1424 175 1467 tis
212 1424 355 1467 omnia
393 1423 447 1466 ad
489 1424 749 1467 voluntatem
789 1429 833 1467 et
876 1429 1026 1467 nutum
1066 1425 1191 1467 unius
1231 1425 1322 1468 fieri
1351 1425 1559 1469 Romanis

117 1494 344 1539 indicabat.
384 1495 633 1547 Magistrum
662 1496 850 1547 equitum
878 1495 927 1538 L.
958 1495 1179 1539 Valerium
1207 1495 1407 1539 Flaccum
1436 1496 1546 1540 dixit

169 1565 308 1617 Quam
334 1565 560 1609 crudeliter
586 1566 837 1619 regnaverit,
865 1565 1118 1609 Plutarchus
1139 1580 1214 1609 nos
1237 1565 1370 1610 docet·
1385 1566 1552 1620 Sedens„

116 1650 192 1692 pro
218 1637 362 1680 rostris
387 1637 429 1679 in
458 1636 578 1679 bonis
605 1637 825 1690 publicatis
841 1636 1068 1679 vendendis
1081 1636 1260 1690 superbe
1272 1642 1315 1680 et
1330 1638 1551 1690 tyrannice

115 1721 161 1751 se
213 1708 354 1762 gessit,
394 1712 443 1751 ut
483 1709 574 1750 eius
613 1707 723 1751 dona
762 1707 897 1760 magis
939 1722 1066 1759 quam
1102 1707 1338 1760 ereptiones
1390 1708 1555 1752 animos

115 1779 334 1823 bominum
369 1779 640 1832 offenderent,
667 1779 821 1832 quippe
846 1779 919 1831 qui
948 1779 1134 1822 venustis
1162 1779 1419 1833 mulieribus,
1447 1780 1550 1833 lyri-

112 1850 288 1904 cinibus,
314 1850 586 1894 histrionibus
608 1854 652 1893 et
679 1849 886 1893 libertinis
915 1850 1102 1903 pessimis
1116 1854 1160 1892 et
1173 1849 1346 1893 abiectis
1359 1851 1548 1903 gentium

112 1935 237 1976 agros
281 1925 325 1965 et
363 1921 555 1965 civitates
581 1920 714 1974 daret,
742 1920 952 1963 nonnullis
981 1920 1147 1973 nuptias
1173 1925 1453 1973 componeret,
1482 1921 1546 1964 in·

112 1991 212 2036 vitis
251 1991 511 2036 mulieribus.
580 1991 649 2035 Sic
690 1990 931 2044 Pompeius,
971 2005 1096 2043 quem
1136 1990 1216 2033 sibi
1256 1990 1546 2040 conglutinare

111 2063 245 2108 vellet
295 2063 615 2117 propinquitate,
662 2075 839 2106 uxorem
881 2062 1110 2105 Antistiam
1151 2062 1195 2112 5)
1242 2061 1455 2105 dimittere
1502 2067 1546 2104 et

110 2134 338 2179 Aemiliam
379 2137 693 2188 praegnantem,
734 2132 880 2176 Scauri
923 2137 967 2175 et
1007 2131 1204 2175 Metellae
1240 2132 1283 2184 6)
1311 2131 1455 2180 filiam,
1483 2132 1543 2175 M.

110 2191 330 2250 Glabrioni
370 2210 570 2258 ereptam,
615 2203 767 2247 ducere
808 2202 988 2246 iubetur.
1045 2201 1106 2245 Ut
1145 2203 1187 2245 in
1214 2201 1340 2245 rebus
1369 2202 1544 2255 privatis

110 2275 304 2321 omnibus
331 2275 590 2319 voluntatem
617 2288 735 2318 suam
764 2274 973 2327 imposuit,
1002 2273 1062 2316 ita
1089 2272 1130 2315 in
1159 2272 1209 2315 iis
1232 2285 1341 2325 quae
1362 2271 1416 2315 ad
1432 2286 1543 2316 rem·

158 2507 194 2555 1)
218 2505 294 2544 eie.
320 2504 369 2543 de
392 2504 465 2554 leg.
490 2504 523 2543 1.
548 2506 606 2542 46.

155 2573 194 2619 2)
219 2570 321 2609 Vell.
348 2570 403 2607 11.
428 2571 486 2607 28.
512 2569 623 2607 Oros.
648 2568 696 2607 V.
722 2568 780 2606 21.

156 2635 194 2682 3)
218 2635 353 2673 Cicero
378 2634 416 2672 in
442 2634 603 2672 Verrem
630 2633 706 2670 111.
732 2634 789 2670 35.
814 2634 871 2669 81.

154 2704 192 2748 4)
215 2703 316 2750 App.
341 2700 384 2738 B.
409 2700 451 2737 C.
476 2700 509 2738 1.
534 2702 613 2738 lm.

155 2769 192 2813 ὅ)
217 2766 322 2804 Plut.
348 2766 480 2814 Pomp.
506 2777 537 2802 c.
563 2768 597 2803 9.

155 2834 192 2871 Β)
218 2830 420 2868 Metellam
451 2829 562 2867 Sulla
586 2829 624 2866 in
650 2827 892 2865 matrimonio
919 2826 1101 2863 habebat:
1126 2831 1209 2863 crat
1234 2826 1353 2874 igitur
1369 2825 1534 2863 Aemilia

108 2878 240 2916 Sullae
267 2878 452 2927 privigna.
