1988 3366
1023 328 1076 369 90

335 510 482 563 „fugae
512 510 674 563 comite,
705 510 848 552 stricto
875 510 1085 562 utrimque
1113 511 1260 563 gladio
1279 512 1509 554 concurrit:
1529 526 1653 564 quem
1669 528 1765 556 cum

335 580 573 633 „occidisset
586 581 673 632 ipse
703 582 869 623 saucius
897 581 1138 634 impetravit
1165 597 1191 624 a
1218 597 1348 635 servo,
1379 587 1425 625 ut
1454 598 1497 626 se
1517 579 1765 626 occideret.”

332 651 373 692 A
395 650 623 693 Plutarcho
653 652 940 694 tantummodo
971 652 1147 694 traditur
1177 667 1219 695 se
1237 654 1373 706 ipsum
1386 654 1655 703 interemisse,
1671 669 1765 696 cum

331 721 415 762 iam
443 722 527 763 iam
556 714 998 775 comprehendebatur,
1028 725 1095 765 cui
1122 724 1250 766 etiam
1266 725 1484 777 Appianus
1506 724 1759 777 suffragatur

330 793 356 833 l.
400 793 426 833 1.
472 793 622 846 Μαρίου
677 794 921 839 καταδύντος
982 795 1020 839 ἐς
1082 794 1257 848 τάφρους
1299 795 1510 847 ὑπονόμους
1552 797 1617 838 καὶ
1657 797 1765 848 μετα

331 863 470 916 βραχὺ
499 863 699 911 ανελόντος
728 864 875 907 ἑαυτόν.
936 865 1198 918 „Utcumque
1228 866 1388 919 cecidit,
1421 866 1623 918 hodieque
1646 871 1765 909 tanta

334 934 484 987 „patris
521 934 704 987 imagine
733 949 816 976 non
846 935 1090 977 obscuratus
1120 937 1208 979 eius
1234 937 1471 990 memoria,''
1503 925 1637 980 vell.
1667 938 1765 979 Pat.

330 1004 355 1045 l.
384 1005 413 1048 l.
443 1004 562 1048 dixit.
620 1005 755 1048 Ofella
786 1010 912 1058 caput
940 1007 1028 1049 eius
1055 1007 1282 1050 abscissum
1310 1008 1363 1049 ad
1392 1008 1551 1050 Sullam
1580 1009 1703 1062 misit,
1731 1023 1757 1050 a

331 1088 411 1126 quo
452 1076 495 1117 in
525 1076 661 1118 medio
689 1077 776 1119 foro
806 1092 878 1129 pro
908 1079 1051 1120 rostris
1081 1079 1261 1131 positum
1293 1085 1382 1132 est;
1408 1079 1556 1121 deinde
1586 1079 1765 1122 consulis

331 1148 456 1188 aetati
485 1147 662 1189 irridens
692 1148 799 1190 dixit
828 1163 924 1190 eum
950 1149 1063 1201 prius
1096 1164 1259 1192 remum
1278 1164 1404 1202 quam
1432 1151 1761 1202 gubernaculum

330 1217 520 1260 debuisse
549 1222 732 1260 tractare
763 1220 817 1271 1).

384 1289 501 1332 Sulla
545 1289 772 1332 Praeneste
815 1291 1021 1343 profectus
1049 1295 1258 1334 senatores
1285 1293 1509 1339 Romanos,
1538 1307 1640 1344 quos
1670 1293 1758 1335 Lu-

330 1359 482 1400 cretius
524 1360 616 1401 aliis
656 1361 739 1402 iam
772 1361 1000 1404 interfectis
1026 1362 1066 1403 in
1097 1363 1263 1404 vincula
1291 1364 1535 1416 coniecerat,
1564 1377 1586 1405 e
1617 1363 1753 1406 medio

330 1430 508 1483 sustulit,
536 1430 719 1483 itemque
762 1436 964 1483 quotquot
1008 1438 1258 1487 quaestores,
1287 1434 1426 1486 legati,
1455 1437 1666 1486 praetores
1696 1434 1762 1476 vel

330 1501 486 1544 tribuni
517 1502 802 1545 Marianarum
830 1504 1011 1555 partium
1040 1504 1209 1547 fuerant
1237 1505 1461 1548 trucidavit
1482 1505 1535 1557 2).
1568 1504 1764 1547 Caeteros

331 1573 384 1614 ad
432 1572 647 1615 duodecim
702 1574 818 1616 milia
867 1575 993 1616 armis
1035 1575 1205 1618 abiectis
1246 1576 1289 1618 in
1331 1590 1523 1628 campum
1573 1575 1764 1628 progredi

327 1644 446 1686 iussit
487 1648 529 1686 et
557 1646 784 1699 perpaucis,
812 1658 987 1697 quorum
1017 1661 1141 1698 opera
1170 1647 1269 1688 olim
1298 1661 1394 1689 usus
1423 1652 1523 1696 erat,
1554 1648 1758 1699 exemptis

327 1715 370 1757 111
414 1715 494 1757 tria
535 1717 704 1768 agmina
747 1716 898 1769 divisit,
929 1717 989 1758 ita
1022 1722 1069 1760 ut
1096 1718 1290 1771 Romani,
1323 1718 1530 1760 Samnites
1560 1722 1601 1760 et
1630 1718 1757 1760 Prae-

328 1786 480 1827 nestini
507 1787 677 1828 seorsim
706 1788 986 1830 consisterent.
1016 1788 1217 1830 Romanis
1245 1793 1386 1830 autem
1407 1803 1480 1841 per
1494 1789 1757 1841 praeconium

329 1858 563 1900 enuntiavit
590 1873 679 1900 sese
706 1873 787 1912 eos,
815 1860 1005 1910 quamvis
1033 1861 1178 1901 mortis
1207 1874 1339 1912 poena
1359 1860 1515 1914 dignos,
1533 1861 1757 1913 impunitos

329 1928 551 1982 dimittere,
608 1929 814 1972 Samnites
858 1945 954 1972 vero
996 1945 1138 1973 omnes
1181 1931 1382 1973 concidit:
1428 1932 1608 1973 Romam
1648 1931 1760 1973 enim

328 2003 462 2041 tutam
491 2015 573 2042 non
602 2015 702 2054 esse,
733 2001 902 2043 Samnio
930 2002 1140 2043 incolumi.
1177 2002 1226 2044 In
1257 2003 1440 2054 singulos
1468 2002 1759 2044 Praenestinos

327 2070 507 2122 primum
538 2086 661 2113 causa
690 2073 856 2124 cognita
884 2072 1193 2126 animadvertit,
1238 2073 1387 2114 deinde
1403 2074 1519 2124 quasi
1535 2073 1760 2124 cognitioni

330 2156 478 2183 vacare
519 2156 601 2184 non
643 2148 790 2194 posset,
831 2143 995 2185 feminis
1039 2158 1133 2184 cum
1175 2144 1316 2185 liberis
1346 2144 1522 2185 dimissis
1549 2144 1762 2185 universos

329 2214 488 2255 concidi
515 2214 644 2267 iussit,
672 2215 769 2256 licet
799 2229 870 2266 per
900 2215 947 2256 P.
967 2214 1200 2266 Cethegum
1216 2230 1331 2267 spem
1346 2215 1490 2256 salutis
1508 2215 1688 2257 dedisset
1702 2215 1759 2266 3).

329 2284 414 2325 Uni
457 2288 633 2338 tantum,
674 2298 853 2336 quocum
896 2286 960 2326 ius
989 2285 1153 2337 hospitii
1185 2285 1401 2339 habuerat,
1432 2286 1760 2328 incolumitatem

329 2356 554 2398 concessit:
584 2357 655 2408 qui
697 2371 792 2398 cum
834 2357 998 2398 fortiter
1040 2356 1215 2398 dixisset
1257 2371 1299 2398 se
1342 2370 1571 2408 numquam
1601 2357 1761 2409 patriae

329 2440 427 2467 suae
469 2427 654 2468 carnifici
682 2427 733 2468 de
763 2428 896 2468 salute
925 2428 1080 2479 gratias
1107 2432 1312 2480 acturum,
1342 2442 1436 2468 cum
1468 2428 1644 2469 caeteris
1672 2441 1760 2469 sese

329 2498 587 2540 commiscuit
616 2502 657 2540 et
686 2513 781 2540 cum
810 2499 869 2540 eis
898 2499 1053 2540 occisus
1082 2502 1144 2540 est
1171 2499 1227 2548 4).
1257 2498 1400 2550 Ipsum
1429 2498 1639 2550 oppidum,
1662 2502 1760 2540 tunc

378 2693 412 2736 1)
439 2694 538 2738 App.
565 2692 590 2727 l.
618 2692 641 2727 l.

378 2759 413 2803 2)
440 2757 547 2794 Oros.
570 2757 617 2791 V.
644 2758 700 2792 21.

378 2823 411 2867 3)
437 2822 525 2857 Val.
550 2822 655 2858 Max.
679 2821 751 2857 IX.
778 2823 811 2856 2.
838 2822 870 2856 1.

377 2889 413 2931 4)
438 2886 542 2921 Plut.
571 2887 616 2921 de
642 2887 733 2936 reip.
761 2899 836 2933 ger,
862 2898 984 2932 praec.
1012 2899 1047 2933 p.
1075 2889 1154 2926 249.
