1988 3366
861 314 915 357 25

169 495 216 550 in
241 495 406 542 Sullam
437 500 583 541 autem
609 496 815 551 imprimis
842 498 1019 551 gloriam
1039 499 1239 543 victoriae
1266 499 1519 554 redundare,
1535 500 1608 553 qui

170 581 269 612 eum
299 567 504 612 Romanis
535 568 672 611 visum
688 572 796 611 esset
810 567 961 623 hostes,
975 569 1017 612 in
1035 570 1176 613 vineta
1187 570 1289 623 fuga
1301 569 1506 624 delapsos,
1526 584 1608 613 non

170 638 352 693 amplius
393 638 569 692 insequi,
609 638 664 681 ab
704 638 838 682 altera
882 645 1000 693 parte
1051 641 1307 694 fugientibus
1349 640 1610 693 occurrisset,

171 708 327 753 multos
365 723 510 752 eorum
552 709 840 763 interfecisset,
882 715 930 753 ut
969 724 1019 754 eo
1058 710 1125 754 die
1153 725 1279 764 supra
1305 725 1382 754 sex
1409 710 1527 754 milia
1554 725 1610 754 ex

170 778 324 826 umis
351 780 553 834 perirent.

224 849 422 894 Vidimus
468 864 567 894 vero
610 864 707 893 eum
755 851 806 894 L.
848 851 877 895 J
882 851 937 894 ul.
965 850 1135 894 Caesari
1162 851 1350 905 legatum
1377 866 1466 895 esse
1493 851 1611 895 addi·

172 924 277 976 tum,
319 935 398 965 nec
436 921 524 964 ullo
564 921 655 965 loco
696 921 821 965 huius
848 927 985 965 castra
1008 922 1222 975 reliquisse
1253 922 1445 966 traditur.
1503 922 1612 966 Sunt

171 992 249 1046 qui
289 992 533 1046 Appianum
575 993 729 1035 erroris
768 998 962 1046 arguant,
1003 999 1102 1036 sunt
1143 993 1215 1046 qui
1255 993 1383 1036 fidem
1411 993 1610 1037 habeant.

173 1061 259 1107 &d
286 1062 444 1106 frustra
470 1063 526 1106 ab
557 1063 621 1106 his
651 1064 690 1115 1)
719 1063 920 1117 requiras,
947 1065 1018 1116 qui
1035 1066 1192 1107 tactum
1207 1064 1273 1119 sit,
1297 1069 1345 1107 ut
1359 1064 1611 1117 imperatore

172 1147 249 1178 suo
289 1134 436 1178 relicto
482 1148 573 1177 sese
612 1133 667 1177 ad
703 1134 865 1177 Marsos
892 1135 1130 1178 contulerit.
1184 1135 1228 1178 Si
1258 1149 1347 1178 rem
1374 1135 1614 1178 coniectura

171 1205 338 1259 assequi
364 1205 475 1260 licet,
511 1205 572 1248 ita
598 1205 836 1259 expediam.
862 1206 911 1248 L.
939 1206 966 1249 J
971 1206 1026 1249 ul.
1042 1205 1221 1249 Caesare
1250 1205 1377 1249 dubio
1405 1205 1542 1249 Marte
1568 1206 1613 1250 in

172 1274 406 1330 Campania
432 1281 646 1330 pugnante
673 1276 792 1319 Sulla
819 1277 863 1319 in
883 1276 1053 1319 Samnio
1067 1276 1232 1330 agebat,
1247 1281 1294 1318 ut
1309 1276 1555 1320 Aeserniam
1568 1278 1611 1331 2)

171 1361 200 1391 a
225 1346 476 1391 Samnitium
505 1347 722 1390 obsidione
748 1347 959 1399 liberaret,
986 1362 1069 1400 qua
1096 1347 1200 1390 urbe
1228 1353 1351 1400 capta
1373 1347 1427 1389 ab
1442 1347 1614 1399 reliquis

172 1417 302 1472 copiis
329 1418 582 1461 interclusus
608 1422 672 1460 est
700 1418 768 1471 (cf.
783 1422 926 1471 supra)
947 1423 990 1460 et
1005 1423 1221 1471 postquam
1238 1418 1366 1460 etiam
1381 1417 1614 1461 Venafrum

172 1488 218 1532 in
257 1480 444 1532 hostium
484 1503 634 1532 manus
675 1488 834 1541 incidit,
880 1488 1045 1531 nullum
1089 1489 1128 1530 ei
1159 1488 1238 1530 iter
1265 1488 1307 1530 in
1338 1487 1614 1540 Campaniam

172 1559 359 1613 patebat,
400 1564 448 1602 ut
487 1560 529 1603 vi
557 1564 725 1603 coactus
753 1558 1005 1602 Samnitium
1034 1559 1136 1601 fines
1164 1558 1380 1611 reliquisse
1408 1557 1615 1601 videatur.

225 1630 300 1675 Sin
343 1645 395 1674 ea
436 1631 576 1675 minus
617 1631 797 1685 placent,
848 1631 1062 1684 praeclare
1090 1630 1194 1673 illud
1221 1630 1378 1673 factum
1401 1645 1475 1684 pro
1503 1631 1616 1684 turpi

174 1707 412 1747 commento
439 1701 589 1756 habeo,
617 1716 700 1755 quo
715 1701 917 1745 nobilium
931 1707 1054 1744 atrox
1068 1700 1210 1744 odium
1230 1701 1354 1743 Marii
1369 1715 1615 1754 cognoscere

173 1777 219 1817 et
263 1773 478 1828 percipere
526 1773 638 1826 licet,
693 1772 766 1825 qui
815 1771 858 1815 id
908 1771 1215 1815 contendebant
1263 1777 1306 1814 et
1355 1771 1615 1824 laborabant,

174 1849 223 1889 nt
270 1844 391 1889 Sulla
433 1858 489 1888 ex
535 1844 648 1887 illius
690 1843 905 1887 laboribus
946 1842 1112 1886 laudem
1153 1842 1314 1886 libaret.
1383 1842 1616 1896 Optimates

174 1915 301 1966 enim,
328 1916 402 1969 qui
428 1915 633 1969 imprimis
659 1915 817 1959 bellum
833 1914 985 1957 sociale
1001 1928 1095 1957 cum
1112 1913 1245 1956 turbis
1261 1913 1454 1956 civilibus
1467 1913 1617 1956 litteris

174 1986 494 2041 mandaverunt,
538 1987 667 2030 etiam
708 1986 892 2029 Marium
925 1990 1149 2033 mortuum.
1178 1989 1225 2027 ut
1253 1998 1308 2026 ex
1335 1983 1477 2027 Sullae
1506 1998 1616 2027 com-

174 2058 391 2103 mentariis
433 2058 656 2101 manifeste
703 2057 917 2111 probatur,
959 2055 1243 2099 crudelissimo
1284 2054 1378 2097 odio
1410 2055 1615 2108 persecuti

176 2134 288 2185 sunt,
329 2129 390 2172 ila
430 2133 478 2171 ut
518 2129 590 2181 qui
627 2143 682 2171 ex
709 2127 774 2171 his
800 2127 974 2182 impuris
1000 2125 1183 2169 fontibus
1211 2125 1437 2179 hauserint,
1467 2139 1615 2178 parum

176 2200 310 2245 libero
338 2214 410 2245 ore
437 2200 564 2243 locuti
595 2199 815 2242 videantur
841 2200 897 2250 3).
954 2199 1095 2249 Atque
1122 2211 1172 2239 eo
1202 2196 1335 2249 magis
1365 2194 1614 2248 inducimur,

177 2277 226 2315 ut
253 2285 343 2315 rem
372 2285 446 2325 pro
474 2269 707 2324 impudenti
743 2268 960 2313 mendacio
988 2267 1228 2315 habeamus,
1259 2271 1478 2320 propterea
1503 2265 1614 2318 quod

176 2342 296 2387 Sulla
337 2342 472 2396 primo
517 2341 618 2385 belli
661 2354 771 2383 anno
799 2339 924 2382 laude
951 2339 1010 2382 rei
1043 2337 1236 2381 militaris
1271 2336 1513 2379 adversario
1540 2350 1615 2379 suo

177 2413 302 2467 longe
332 2412 507 2457 inferior
534 2417 639 2456 erat.

232 2483 298 2528 De
323 2484 461 2538 rebus,
487 2498 592 2537 quas
619 2482 801 2526 secundo
830 2481 928 2524 beili
957 2494 1066 2523 anno
1093 2479 1180 2532 (89)
1195 2479 1333 2532 gessit,
1359 2479 1516 2521 maiore
1532 2477 1614 2522 fide

177 2554 381 2599 disserere
419 2554 532 2599 licet.
581 2554 631 2598 L.
669 2553 788 2597 Porc.
817 2551 988 2595 Catonis
1016 2550 1195 2594 consulis
1223 2550 1385 2602 legatus
1412 2548 1614 2603 imprimis

227 2751 262 2796 1)
287 2749 336 2786 οῖ.
366 2748 545 2786 Momm.
571 2747 682 2785 Rom.
710 2745 849 2783 Gescli.
875 2744 929 2784 11.
955 2745 1038 2784 239.

233 2816 270 2860 2)
295 2814 406 2850 Oros.
433 2813 457 2850 l.
478 2813 503 2850 l.

155 2917 158 2920 Α
234 2880 271 2930 8)
296 2878 387 2918 Sall.
414 2878 457 2918 B.
482 2877 508 2914 J
513 2891 574 2928 ug.
595 2879 652 2918 95.
