1988 3366
1072 344 1123 384 56

381 524 471 576 „hic
498 524 692 566 interire:
724 524 756 565 si
791 538 890 565 vero
918 539 970 566 ex
1002 525 1117 567 vobis
1145 529 1381 579 quaeretur,
1411 540 1492 577 quo
1520 527 1609 570 loco
1634 529 1811 580 impera-

381 599 537 648 „torem
575 599 758 637 vestrum
801 595 1088 647 prodideritis,
1129 596 1379 647 respondere
1419 603 1693 641 mementote:
1737 599 1811 642 Or-

381 665 619 718 „chomeni”
637 666 687 719 l).
719 666 836 715 Quae
866 680 949 708 vox
975 667 1128 709 milites
1155 668 1209 709 ad
1237 668 1417 710 officium
1434 670 1810 726 revocavitwob‘rov

377 737 442 779 τὸν
482 736 596 788 λόγον
637 741 814 788 Ῥωμαῖοι
853 737 1171 785 καταιδεσθέντες
1210 738 1467 792 ἀνέστρεψαν·
1509 740 1574 782 καὶ
1615 741 1813 794 προθύμως

378 807 626 858 ἐμβαλόντες
639 807 856 861 ἐτρέψκντο
870 808 958 855 τοὺς
976 808 1183 860 πολεμίους
1200 810 1256 862 2).
1285 809 1489 852 Hostibus
1506 811 1679 862 repulsis
1695 811 1813 855 Sulla

377 892 472 919 suos
486 878 740 920 collaudatos
756 878 924 921 reduxit
941 879 1124 931 cibisque
1139 880 1315 922 refectos
1330 880 1383 922 ad
1399 883 1668 935 opusreverti
1681 883 1812 926 iussit.

378 948 539 990 Iterum
582 953 814 1000 pugnatum
858 954 932 1002 est,
974 950 1104 992 donee
1144 950 1323 993 Romani
1366 951 1584 993 victoriam
1629 957 1813 1005 reporta-

379 1023 542 1061 verunt.
597 1019 797 1062 Hostium
826 1020 989 1063 circiter
1016 1021 1103 1064 XV
1128 1022 1246 1063 milia
1274 1022 1529 1075 ceciderunt,
1560 1036 1739 1075 quorum
1767 1023 1811 1068 X

379 1090 496 1132 milia
541 1091 701 1142 equites
748 1091 930 1144 fuerunt,
960 1092 1002 1133 in
1031 1092 1095 1134 his
1122 1092 1324 1135 Archelai
1351 1094 1566 1146 privignus
1595 1095 1815 1149 Diogenes,

381 1161 643 1212 qui'fortiter
671 1177 862 1214 pugnans
890 1163 1049 1204 occisus
1075 1167 1149 1204 est.
1180 1162 1343 1205 Caeteri
1362 1164 1475 1205 intra
1490 1165 1646 1206 vallum
1661 1165 1815 1218 repulsi

380 1233 575 1274 acerbam
616 1238 779 1275 noctem
808 1233 860 1275 ob
889 1234 1037 1275 funera
1065 1238 1106 1276 et
1135 1235 1309 1276 vulnera
1336 1239 1641 1287 transegerunt.
1698 1236 1815 1279 Sulla

382 1306 468 1343 toto
510 1317 654 1354 campo
696 1308 919 1345 nocturnas
961 1305 1160 1346 stationes
1200 1305 1471 1356 disposuerat,
1502 1320 1552 1347 ne
1581 1305 1814 1349 Archelaus

382 1373 622 1415 Chalcidem
666 1374 849 1425 effugere
890 1379 1037 1426 posset.
1093 1375 1299 1417 Postridie
1328 1375 1465 1418 hostes
1494 1377 1814 1419 circumvallare

382 1443 572 1498 instituit,
614 1445 684 1496 qui
725 1445 836 1486 intra
885 1446 1038 1486 vallum
1082 1460 1126 1486 se
1167 1445 1425 1487 continentes
1469 1446 1510 1487 in
1547 1450 1814 1499 conspectum

384 1515 668 1556 Romanorum
702 1515 864 1567 prodire
893 1530 972 1557 nou
1003 1511 1218 1557 audebant·
1243 1516 1299 1567 3).
1356 1516 1504 1567 Itaque
1533 1516 1651 1558 Sulla
1680 1521 1816 1559 castra

382 1584 532 1626 adoriri
561 1587 776 1627 consilium
806 1587 926 1638 cepit,
957 1600 1075 1636 quae,
1091 1601 1183 1628 cum
1201 1586 1368 1628 barbari
1381 1586 1637 1638 aliquamdiu
1653 1587 1815 1629 fortiter

384 1657 639 1709 restitissent,
681 1657 720 1698 vi
752 1661 874 1708 capta
900 1662 1009 1699 sunt.
1066 1657 1278 1708 Sanguine
1306 1657 1620 1700 interfectorum
1646 1658 1818 1710 paludes

384 1727 640 1768 inundarunt
684 1733 725 1768 et
769 1732 916 1778 stagna
956 1727 1227 1769 cadaveribus
1269 1728 1434 1779 oppleta
1479 1732 1587 1780 sunt,
1630 1732 1678 1770 ut
1708 1732 1819 1770 totus

385 1798 515 1849 ferme
558 1799 768 1840 exercitus
799 1798 1138 1849 exstingueretur
1166 1802 1208 1840 et
1235 1798 1445 1851 perpauci,
1474 1799 1585 1840 inter
1611 1813 1714 1851 quos
1743 1800 1822 1842 Ar-

387 1868 567 1917 chelaus,
596 1870 666 1919 qui
694 1869 736 1910 in
758 1869 952 1920 paludem
967 1883 1055 1911 sese
1069 1868 1300 1915 abdiderat,
1317 1869 1560 1911 Chalcidem
1575 1870 1821 1922 effugerent.

387 1940 528 1981 Etiam
558 1940 774 1981 Plutarchi
803 1940 1070 1993 temporibus,
1100 1941 1220 1982 annis
1247 1954 1376 1992 prope
1406 1940 1596 1983 ducentis
1623 1945 1715 1993 post
1728 1956 1821 1983 eam

388 2024 583 2062 pugnam,
614 2010 887 2052 barbarorum
915 2025 1047 2062 arcus,
1076 2011 1236 2062 galeae,
1265 2010 1407 2063 gladii,
1424 2011 1648 2053 loricarum
1666 2012 1821 2054 ferrea-

390 2095 479 2121 rum
511 2081 756 2131 fragmenta,
785 2095 912 2123 coeno
940 2081 1149 2134 immersa,
1177 2081 1495 2133 reperiebantur
1525 2082 1580 2134 4).

442 2151 606 2192 Deinde
636 2151 752 2192 Sulla
780 2152 998 2193 Boeotiam
1030 2152 1237 2194 continuis
1265 2151 1572 2194 defectionibus
1600 2157 1821 2195 nutantem

390 2221 571 2274 diripuit,
612 2236 693 2273 quo
734 2222 843 2264 facto
872 2223 914 2263 in
944 2222 1202 2264 Thessaliam
1233 2222 1462 2264 hiematum
1493 2224 1693 2265 concessit
1723 2225 1821 2277 (86).

444 2292 637 2334 Alterum
679 2307 777 2334 vero
809 2293 1052 2345 periculum,
1081 2293 1191 2344 quod
1221 2294 1258 2335 ei
1286 2308 1312 2335 a
1339 2294 1435 2335 Val.
1465 2294 1616 2337 Flacco
1644 2295 1817 2337 intenta·

392 2363 526 2415 batur,
540 2365 621 2405 iam
639 2363 855 2415 depulsum
874 2368 973 2405 erat.
1005 2363 1111 2405 Cum
1126 2364 1236 2406 enim
1250 2378 1345 2415 pars
1360 2364 1583 2417 copiarum,
1599 2370 1822 2416 antequam

396 2637 426 2671 F
447 2591 476 2634 l)
502 2590 616 2672 ἘΑῙίΡ.1
640 2590 682 2625 B.
723 2590 776 2625 M.
815 2592 870 2625 49.
910 2591 1034 2626 Amm.
1060 2590 1182 2626 Marc.
1212 2590 1325 2626 XVI.
1351 2592 1407 2627 12.
1434 2591 1623 2639 Polyaen.
1649 2592 1766 2628 VIII.
1792 2594 1825 2628 9.

430 2649 497 2672 ron
520 2665 527 2672 .
571 2665 577 2672 .
622 2666 629 2672 .

443 2703 477 2744 2)
504 2701 687 2749 Polyaon.
716 2702 741 2737 1.
769 2702 794 2737 l.

443 2771 477 2811 3)
504 2771 721 2806 Secundum
759 2772 1012 2807 Plutarchum
1054 2772 1164 2808 Sulla
1199 2785 1374 2819 magnam
1412 2772 1581 2808 hostium
1605 2777 1751 2820 partem
1777 2773 1824 2809 ad

397 2822 587 2853 certamen
613 2832 851 2865 progressam
877 2820 1038 2865 fugavit.

444 2890 480 2932 4,)
508 2888 604 2934 App.
632 2887 674 2922 B.
703 2888 758 2923 M.
785 2891 841 2923 50.
868 2888 975 2924 Oros.
1004 2889 1074 2924 VI.
1102 2890 1132 2924 2.
