<?xml version="1.0" encoding="UTF-8"?>
<!DOCTYPE html PUBLIC "-//W3C//DTD XHTML 1.0 Transitional//EN"
    "http://www.w3.org/TR/xhtml1/DTD/xhtml1-transitional.dtd">
<html xmlns="http://www.w3.org/1999/xhtml" xml:lang="en" lang="en">
 <head>
  <title>
</title>
<meta http-equiv="Content-Type" content="text/html;charset=utf-8" />
  <meta name='ocr-system' content='tesseract 3.04.00' />
  <meta name='ocr-capabilities' content='ocr_page ocr_carea ocr_par ocr_line ocrx_word'/>
</head>
<body>
  <div class='ocr_page' id='page_1' title='image "./observationesinp00oppeuoft_0058.png"; bbox 0 0 1988 3366; ppageno 0'>
   <div class='ocr_carea' id='block_1_1' title="bbox 1055 307 1108 356">
    <p class='ocr_par' dir='ltr' id='par_1_1' title="bbox 1055 307 1108 356">
     <span class='ocr_line' id='line_1_1' title="bbox 1055 307 1108 356; baseline 0 0"><span class='ocrx_word' id='word_1_1' title='bbox 1055 307 1108 356; x_wconf 77' lang='lat'>46</span> 
     </span>
    </p>
   </div>
   <div class='ocr_carea' id='block_1_2' title="bbox 363 496 1805 2038">
    <p class='ocr_par' dir='ltr' id='par_1_2' title="bbox 363 496 1805 1047">
     <span class='ocr_line' id='line_1_2' title="bbox 367 496 1799 551; baseline -0.001 -11"><span class='ocrx_word' id='word_1_2' title='bbox 367 498 582 541; x_wconf 83' lang='lat' dir='ltr'>celerrime</span> <span class='ocrx_word' id='word_1_3' title='bbox 625 497 810 540; x_wconf 88' lang='lat' dir='ltr'>confecto</span> <span class='ocrx_word' id='word_1_4' title='bbox 856 498 901 540; x_wconf 91' lang='lat' dir='ltr'>in</span> <span class='ocrx_word' id='word_1_5' title='bbox 942 498 1090 540; x_wconf 83' lang='lat' dir='ltr'><strong>Asiam</strong></span> <span class='ocrx_word' id='word_1_6' title='bbox 1131 497 1323 551; x_wconf 73' lang='lat' dir='ltr'>traicere,</span> <span class='ocrx_word' id='word_1_7' title='bbox 1356 496 1682 548; x_wconf 84' lang='lat' dir='ltr'>Mithridateque</span> <span class='ocrx_word' id='word_1_8' title='bbox 1708 496 1799 549; x_wconf 88' lang='lat' dir='ltr'>ipso</span> 
     </span>
     <span class='ocr_line' id='line_1_3' title="bbox 366 567 1801 622; baseline -0.001 -11"><span class='ocrx_word' id='word_1_9' title='bbox 366 568 545 622; x_wconf 88' lang='lat' dir='ltr'>devicto,</span> <span class='ocrx_word' id='word_1_10' title='bbox 583 568 764 611; x_wconf 87' lang='lat' dir='ltr'><strong>Romam</strong></span> <span class='ocrx_word' id='word_1_11' title='bbox 807 568 963 611; x_wconf 83' lang='lat' dir='ltr'>reverti</span> <span class='ocrx_word' id='word_1_12' title='bbox 1002 572 1246 622; x_wconf 78' lang='lat' dir='ltr'>maturaret,</span> <span class='ocrx_word' id='word_1_13' title='bbox 1275 568 1349 611; x_wconf 88' lang='lat' dir='ltr'>ubi</span> <span class='ocrx_word' id='word_1_14' title='bbox 1378 567 1512 610; x_wconf 86' lang='lat' dir='ltr'>Cinna</span> <span class='ocrx_word' id='word_1_15' title='bbox 1538 568 1623 610; x_wconf 92' lang='lat' dir='ltr'>iam</span> <span class='ocrx_word' id='word_1_16' title='bbox 1650 570 1801 610; x_wconf 84' lang='lat' dir='ltr'>cuncta</span> 
     </span>
     <span class='ocr_line' id='line_1_4' title="bbox 366 638 1800 692; baseline -0.001 -10"><span class='ocrx_word' id='word_1_17' title='bbox 366 639 580 682; x_wconf 85' lang='lat' dir='ltr'>miscebat.</span> <span class='ocrx_word' id='word_1_18' title='bbox 635 638 792 682; x_wconf 79' lang='lat' dir='ltr'>Hostes</span> <span class='ocrx_word' id='word_1_19' title='bbox 819 653 918 682; x_wconf 85' lang='lat' dir='ltr'>vero</span> <span class='ocrx_word' id='word_1_20' title='bbox 946 654 972 681; x_wconf 90' lang='lat' dir='ltr'>a</span> <span class='ocrx_word' id='word_1_21' title='bbox 999 644 1118 692; x_wconf 86' lang='lat' dir='ltr'>tergo</span> <span class='ocrx_word' id='word_1_22' title='bbox 1146 639 1382 691; x_wconf 86' lang='lat' dir='ltr'>relinquere</span> <span class='ocrx_word' id='word_1_23' title='bbox 1412 638 1526 681; x_wconf 92' lang='lat' dir='ltr'>haud</span> <span class='ocrx_word' id='word_1_24' title='bbox 1545 638 1633 681; x_wconf 90' lang='lat' dir='ltr'>sine</span> <span class='ocrx_word' id='word_1_25' title='bbox 1647 651 1800 691; x_wconf 88' lang='lat' dir='ltr'>magno</span> 
     </span>
     <span class='ocr_line' id='line_1_5' title="bbox 368 709 1802 763; baseline 0 -11"><span class='ocrx_word' id='word_1_26' title='bbox 368 725 443 753; x_wconf 93' lang='lat' dir='ltr'>suo</span> <span class='ocrx_word' id='word_1_27' title='bbox 482 710 667 763; x_wconf 90' lang='lat' dir='ltr'>periculo</span> <span class='ocrx_word' id='word_1_28' title='bbox 707 710 848 753; x_wconf 89' lang='lat' dir='ltr'>facere</span> <span class='ocrx_word' id='word_1_29' title='bbox 889 710 1038 762; x_wconf 92' lang='lat' dir='ltr'>potuit,</span> <span class='ocrx_word' id='word_1_30' title='bbox 1081 710 1325 763; x_wconf 83' lang='lat' dir='ltr'>praesertim</span> <span class='ocrx_word' id='word_1_31' title='bbox 1367 709 1478 761; x_wconf 87' lang='lat' dir='ltr'>quod</span> <span class='ocrx_word' id='word_1_32' title='bbox 1504 722 1586 761; x_wconf 92' lang='lat' dir='ltr'>quo</span> <span class='ocrx_word' id='word_1_33' title='bbox 1615 713 1802 762; x_wconf 90' lang='lat' dir='ltr'>tempore</span> 
     </span>
     <span class='ocr_line' id='line_1_6' title="bbox 364 778 1802 834; baseline -0.001 -11"><span class='ocrx_word' id='word_1_34' title='bbox 364 781 464 823; x_wconf 89' lang='lat' dir='ltr'>socii</span> <span class='ocrx_word' id='word_1_35' title='bbox 505 781 711 824; x_wconf 86' lang='lat' dir='ltr'>Romanis</span> <span class='ocrx_word' id='word_1_36' title='bbox 735 778 1066 834; x_wconf 78' lang='lat' dir='ltr'>rebellaverant,</span> <span class='ocrx_word' id='word_1_37' title='bbox 1095 780 1362 823; x_wconf 84' lang='lat' dir='ltr'>Mithridates</span> <span class='ocrx_word' id='word_1_38' title='bbox 1388 779 1453 822; x_wconf 93' lang='lat' dir='ltr'>his</span> <span class='ocrx_word' id='word_1_39' title='bbox 1480 779 1687 822; x_wconf 86' lang='lat' dir='ltr'>auxilium</span> <span class='ocrx_word' id='word_1_40' title='bbox 1714 780 1802 832; x_wconf 91' lang='lat' dir='ltr'>pol-</span> 
     </span>
     <span class='ocr_line' id='line_1_7' title="bbox 364 850 1803 903; baseline -0.001 -9"><span class='ocrx_word' id='word_1_41' title='bbox 364 852 503 894; x_wconf 86' lang='lat' dir='ltr'>licitus</span> <span class='ocrx_word' id='word_1_42' title='bbox 549 855 639 894; x_wconf 87' lang='lat' dir='ltr'>erat</span> <span class='ocrx_word' id='word_1_43' title='bbox 681 856 809 903; x_wconf 87' lang='lat' dir='ltr'>atque</span> <span class='ocrx_word' id='word_1_44' title='bbox 850 851 962 894; x_wconf 89' lang='lat' dir='ltr'>idem</span> <span class='ocrx_word' id='word_1_45' title='bbox 1002 866 1051 894; x_wconf 85' lang='lat' dir='ltr'>eo</span> <span class='ocrx_word' id='word_1_46' title='bbox 1091 852 1260 894; x_wconf 90' lang='lat' dir='ltr'>consilio</span> <span class='ocrx_word' id='word_1_47' title='bbox 1300 851 1459 894; x_wconf 90' lang='lat' dir='ltr'>bellum</span> <span class='ocrx_word' id='word_1_48' title='bbox 1498 851 1543 893; x_wconf 92' lang='lat' dir='ltr'>in</span> <span class='ocrx_word' id='word_1_49' title='bbox 1581 850 1803 893; x_wconf 84' lang='lat' dir='ltr'>Graeciam</span> 
     </span>
     <span class='ocr_line' id='line_1_8' title="bbox 363 920 1805 974; baseline -0.001 -10"><span class='ocrx_word' id='word_1_50' title='bbox 363 922 624 965; x_wconf 86' lang='lat' dir='ltr'>transtulisse</span> <span class='ocrx_word' id='word_1_51' title='bbox 666 922 844 974; x_wconf 85' lang='lat' dir='ltr'>videtur,</span> <span class='ocrx_word' id='word_1_52' title='bbox 885 927 933 965; x_wconf 92' lang='lat' dir='ltr'>ut</span> <span class='ocrx_word' id='word_1_53' title='bbox 976 922 1049 965; x_wconf 92' lang='lat' dir='ltr'>ubi</span> <span class='ocrx_word' id='word_1_54' title='bbox 1076 922 1235 965; x_wconf 88' lang='lat' dir='ltr'>occasio</span> <span class='ocrx_word' id='word_1_55' title='bbox 1270 921 1453 972; x_wconf 85' lang='lat' dir='ltr'>daretur,</span> <span class='ocrx_word' id='word_1_56' title='bbox 1483 920 1616 974; x_wconf 84' lang='lat' dir='ltr'>ipsam</span> <span class='ocrx_word' id='word_1_57' title='bbox 1642 925 1805 974; x_wconf 88' lang='lat' dir='ltr'>peteret</span> 
     </span>
     <span class='ocr_line' id='line_1_9' title="bbox 368 993 623 1047; baseline -0.004 -11"><span class='ocrx_word' id='word_1_58' title='bbox 368 993 550 1036; x_wconf 88' lang='lat' dir='ltr'>Italiam.</span> <span class='ocrx_word' id='word_1_59' title='bbox 583 993 623 1047; x_wconf 91' lang='lat'>1)</span> 
     </span>
    </p>

    <p class='ocr_par' dir='ltr' id='par_1_3' title="bbox 366 1063 1805 1686">
     <span class='ocr_line' id='line_1_10' title="bbox 415 1063 1801 1117; baseline 0 -11"><span class='ocrx_word' id='word_1_60' title='bbox 415 1063 498 1114; x_wconf 85' lang='lat' dir='ltr'>Qui</span> <span class='ocrx_word' id='word_1_61' title='bbox 545 1068 688 1107; x_wconf 90' lang='lat' dir='ltr'>autem</span> <span class='ocrx_word' id='word_1_62' title='bbox 739 1064 1048 1114; x_wconf 84' lang='lat' dir='ltr'>obsidebantur,</span> <span class='ocrx_word' id='word_1_63' title='bbox 1096 1065 1195 1107; x_wconf 94' lang='lat' dir='ltr'>licet</span> <span class='ocrx_word' id='word_1_64' title='bbox 1246 1064 1385 1117; x_wconf 91' lang='lat' dir='ltr'>inopia</span> <span class='ocrx_word' id='word_1_65' title='bbox 1434 1064 1577 1117; x_wconf 88' lang='lat' dir='ltr'>pressi,</span> <span class='ocrx_word' id='word_1_66' title='bbox 1631 1063 1801 1106; x_wconf 90' lang='lat' dir='ltr'>fortiter</span> 
     </span>
     <span class='ocr_line' id='line_1_11' title="bbox 367 1134 1804 1186; baseline -0.001 -9"><span class='ocrx_word' id='word_1_67' title='bbox 367 1135 620 1177; x_wconf 89' lang='lat' dir='ltr'>restiterunt.</span> <span class='ocrx_word' id='word_1_68' title='bbox 680 1135 765 1177; x_wconf 88' lang='lat' dir='ltr'>Hic</span> <span class='ocrx_word' id='word_1_69' title='bbox 804 1135 963 1177; x_wconf 88' lang='lat' dir='ltr'>Aristio</span> <span class='ocrx_word' id='word_1_70' title='bbox 993 1149 1082 1178; x_wconf 89' lang='lat' dir='ltr'>sese</span> <span class='ocrx_word' id='word_1_71' title='bbox 1111 1136 1298 1178; x_wconf 91' lang='lat' dir='ltr'>omnium</span> <span class='ocrx_word' id='word_1_72' title='bbox 1334 1135 1577 1178; x_wconf 88' lang='lat' dir='ltr'>mortalium</span> <span class='ocrx_word' id='word_1_73' title='bbox 1604 1134 1804 1186; x_wconf 87' lang='lat' dir='ltr'>nequissi-</span> 
     </span>
     <span class='ocr_line' id='line_1_12' title="bbox 366 1205 1805 1259; baseline -0.001 -10"><span class='ocrx_word' id='word_1_74' title='bbox 366 1221 484 1249; x_wconf 91' lang='lat' dir='ltr'>mum</span> <span class='ocrx_word' id='word_1_75' title='bbox 525 1206 743 1259; x_wconf 87' lang='lat' dir='ltr'>praestitit,</span> <span class='ocrx_word' id='word_1_76' title='bbox 772 1206 843 1258; x_wconf 86' lang='lat' dir='ltr'>qui</span> <span class='ocrx_word' id='word_1_77' title='bbox 870 1206 1030 1249; x_wconf 87' lang='lat' dir='ltr'>civibus</span> <span class='ocrx_word' id='word_1_78' title='bbox 1058 1207 1169 1250; x_wconf 89' lang='lat' dir='ltr'>fame</span> <span class='ocrx_word' id='word_1_79' title='bbox 1196 1206 1499 1259; x_wconf 87' lang='lat' dir='ltr'>laborantibus,</span> <span class='ocrx_word' id='word_1_80' title='bbox 1529 1210 1577 1248; x_wconf 89' lang='lat' dir='ltr'>ut</span> <span class='ocrx_word' id='word_1_81' title='bbox 1603 1205 1736 1248; x_wconf 89' lang='lat' dir='ltr'>herba</span> <span class='ocrx_word' id='word_1_82' title='bbox 1762 1209 1805 1248; x_wconf 89' lang='lat' dir='ltr'>et</span> 
     </span>
     <span class='ocr_line' id='line_1_13' title="bbox 370 1276 1804 1331; baseline 0 -12"><span class='ocrx_word' id='word_1_83' title='bbox 370 1277 662 1320; x_wconf 83' lang='lat' dir='ltr'>calceamentis</span> <span class='ocrx_word' id='word_1_84' title='bbox 703 1277 832 1320; x_wconf 88' lang='lat' dir='ltr'>vitam</span> <span class='ocrx_word' id='word_1_85' title='bbox 876 1277 1115 1331; x_wconf 87' lang='lat' dir='ltr'>tolerarent,</span> <span class='ocrx_word' id='word_1_86' title='bbox 1155 1277 1243 1330; x_wconf 93' lang='lat' dir='ltr'>ipse</span> <span class='ocrx_word' id='word_1_87' title='bbox 1282 1277 1327 1319; x_wconf 92' lang='lat' dir='ltr'>in</span> <span class='ocrx_word' id='word_1_88' title='bbox 1368 1276 1527 1319; x_wconf 90' lang='lat' dir='ltr'>deliciis</span> <span class='ocrx_word' id='word_1_89' title='bbox 1567 1279 1804 1319; x_wconf 79' lang='lat' dir='ltr'>versaretur</span> 
     </span>
     <span class='ocr_line' id='line_1_14' title="bbox 372 1348 1800 1402; baseline 0 -12"><span class='ocrx_word' id='word_1_90' title='bbox 372 1351 499 1400; x_wconf 82' lang='lat' dir='ltr'>atque</span> <span class='ocrx_word' id='word_1_91' title='bbox 539 1351 750 1390; x_wconf 88' lang='lat' dir='ltr'>senatores</span> <span class='ocrx_word' id='word_1_92' title='bbox 791 1351 833 1390; x_wconf 90' lang='lat' dir='ltr'>et</span> <span class='ocrx_word' id='word_1_93' title='bbox 860 1348 1106 1402; x_wconf 86' lang='lat' dir='ltr'>sacerdotes,</span> <span class='ocrx_word' id='word_1_94' title='bbox 1134 1348 1205 1400; x_wconf 88' lang='lat' dir='ltr'>qui</span> <span class='ocrx_word' id='word_1_95' title='bbox 1235 1348 1441 1401; x_wconf 87' lang='lat' dir='ltr'>supplices</span> <span class='ocrx_word' id='word_1_96' title='bbox 1469 1348 1523 1390; x_wconf 90' lang='lat' dir='ltr'>ad</span> <span class='ocrx_word' id='word_1_97' title='bbox 1550 1362 1648 1390; x_wconf 90' lang='lat' dir='ltr'>eum</span> <span class='ocrx_word' id='word_1_98' title='bbox 1676 1361 1800 1390; x_wconf 88' lang='lat' dir='ltr'>vene-</span> 
     </span>
     <span class='ocr_line' id='line_1_15' title="bbox 368 1418 1802 1473; baseline 0 -13"><span class='ocrx_word' id='word_1_99' title='bbox 368 1422 476 1472; x_wconf 83' lang='lat' dir='ltr'>rant,</span> <span class='ocrx_word' id='word_1_100' title='bbox 500 1423 548 1460; x_wconf 92' lang='lat' dir='ltr'>ut</span> <span class='ocrx_word' id='word_1_101' title='bbox 573 1418 754 1461; x_wconf 86' lang='lat' dir='ltr'>civitatis</span> <span class='ocrx_word' id='word_1_102' title='bbox 783 1418 1049 1461; x_wconf 87' lang='lat' dir='ltr'>misereretur</span> <span class='ocrx_word' id='word_1_103' title='bbox 1067 1432 1295 1471; x_wconf 89' lang='lat' dir='ltr'>pacemque</span> <span class='ocrx_word' id='word_1_104' title='bbox 1315 1418 1483 1473; x_wconf 86' lang='lat' dir='ltr'>faceret,</span> <span class='ocrx_word' id='word_1_105' title='bbox 1499 1418 1661 1471; x_wconf 82' lang='lat' dir='ltr'>sagittis</span> <span class='ocrx_word' id='word_1_106' title='bbox 1676 1418 1802 1460; x_wconf 89' lang='lat' dir='ltr'>iniec-</span> 
     </span>
     <span class='ocr_line' id='line_1_16' title="bbox 369 1489 1802 1547; baseline -0.001 -15"><span class='ocrx_word' id='word_1_107' title='bbox 369 1490 422 1532; x_wconf 89' lang='lat' dir='ltr'>tis</span> <span class='ocrx_word' id='word_1_108' title='bbox 451 1489 681 1547; x_wconf 85' lang='lat' dir='ltr'>dissiparet.</span> <span class='ocrx_word' id='word_1_109' title='bbox 710 1489 815 1532; x_wconf 84' lang='lat' dir='ltr'>Inde</span> <span class='ocrx_word' id='word_1_110' title='bbox 843 1489 993 1532; x_wconf 87' lang='lat' dir='ltr'>Florus</span> <span class='ocrx_word' id='word_1_111' title='bbox 1020 1490 1182 1532; x_wconf 89' lang='lat' dir='ltr'>efflatus</span> <span class='ocrx_word' id='word_1_112' title='bbox 1209 1494 1257 1532; x_wconf 91' lang='lat' dir='ltr'>ut</span> <span class='ocrx_word' id='word_1_113' title='bbox 1283 1490 1453 1532; x_wconf 89' lang='lat' dir='ltr'>assolet:</span> <span class='ocrx_word' id='word_1_114' title='bbox 1487 1489 1707 1544; x_wconf 85' lang='lat' dir='ltr'>„Athenas</span> <span class='ocrx_word' id='word_1_115' title='bbox 1733 1502 1802 1531; x_wconf 90' lang='lat' dir='ltr'>ur-</span> 
     </span>
     <span class='ocr_line' id='line_1_17' title="bbox 371 1559 1805 1615; baseline -0.001 -12"><span class='ocrx_word' id='word_1_116' title='bbox 371 1561 491 1615; x_wconf 88' lang='lat' dir='ltr'>„bem</span> <span class='ocrx_word' id='word_1_117' title='bbox 521 1561 629 1613; x_wconf 86' lang='lat' dir='ltr'>(quis</span> <span class='ocrx_word' id='word_1_118' title='bbox 656 1560 860 1613; x_wconf 87' lang='lat' dir='ltr'>crederet)</span> <span class='ocrx_word' id='word_1_119' title='bbox 890 1561 1059 1613; x_wconf 84' lang='lat' dir='ltr'>frugum</span> <span class='ocrx_word' id='word_1_120' title='bbox 1087 1565 1303 1614; x_wconf 88' lang='lat' dir='ltr'>parentem</span> <span class='ocrx_word' id='word_1_121' title='bbox 1329 1560 1542 1604; x_wconf 89' lang='lat' dir='ltr'>obsidione</span> <span class='ocrx_word' id='word_1_122' title='bbox 1558 1575 1607 1604; x_wconf 88' lang='lat' dir='ltr'>ac</span> <span class='ocrx_word' id='word_1_123' title='bbox 1622 1560 1734 1603; x_wconf 86' lang='lat' dir='ltr'>fame</span> <span class='ocrx_word' id='word_1_124' title='bbox 1749 1559 1805 1602; x_wconf 89' lang='lat' dir='ltr'>ad</span> 
     </span>
     <span class='ocr_line' id='line_1_18' title="bbox 367 1631 1032 1686; baseline 0 -12"><span class='ocrx_word' id='word_1_125' title='bbox 367 1631 575 1674; x_wconf 87' lang='lat' dir='ltr'>humanos</span> <span class='ocrx_word' id='word_1_126' title='bbox 602 1631 715 1674; x_wconf 88' lang='lat' dir='ltr'>cibos</span> <span class='ocrx_word' id='word_1_127' title='bbox 742 1631 957 1675; x_wconf 86' lang='lat' dir='ltr'>contulit.&#39;&#39;</span> <span class='ocrx_word' id='word_1_128' title='bbox 990 1632 1032 1686; x_wconf 88' lang='grc'>2)</span> 
     </span>
    </p>

    <p class='ocr_par' dir='ltr' id='par_1_4' title="bbox 367 1701 1804 2038">
     <span class='ocr_line' id='line_1_19' title="bbox 418 1701 1803 1755; baseline 0 -11"><span class='ocrx_word' id='word_1_129' title='bbox 418 1702 508 1745; x_wconf 87' lang='lat' dir='ltr'>Vix</span> <span class='ocrx_word' id='word_1_130' title='bbox 535 1702 705 1745; x_wconf 88' lang='lat' dir='ltr'>tandem</span> <span class='ocrx_word' id='word_1_131' title='bbox 733 1707 817 1745; x_wconf 90' lang='lat' dir='ltr'>tres</span> <span class='ocrx_word' id='word_1_132' title='bbox 846 1717 870 1745; x_wconf 95' lang='lat' dir='ltr'>e</span> <span class='ocrx_word' id='word_1_133' title='bbox 903 1703 1209 1755; x_wconf 88' lang='lat' dir='ltr'>compotoribus</span> <span class='ocrx_word' id='word_1_134' title='bbox 1237 1704 1321 1746; x_wconf 90' lang='lat' dir='ltr'>suis</span> <span class='ocrx_word' id='word_1_135' title='bbox 1348 1702 1400 1745; x_wconf 90' lang='lat' dir='ltr'>de</span> <span class='ocrx_word' id='word_1_136' title='bbox 1427 1715 1529 1755; x_wconf 86' lang='lat' dir='ltr'>pace</span> <span class='ocrx_word' id='word_1_137' title='bbox 1557 1702 1611 1744; x_wconf 88' lang='lat' dir='ltr'>ad</span> <span class='ocrx_word' id='word_1_138' title='bbox 1642 1701 1803 1746; x_wconf 78' lang='lat' dir='ltr'>Sullam</span> 
     </span>
     <span class='ocr_line' id='line_1_20' title="bbox 367 1772 1804 1827; baseline 0.001 -13"><span class='ocrx_word' id='word_1_139' title='bbox 367 1772 492 1825; x_wconf 88' lang='lat' dir='ltr'>misit,</span> <span class='ocrx_word' id='word_1_140' title='bbox 534 1773 606 1824; x_wconf 88' lang='lat' dir='ltr'>qui</span> <span class='ocrx_word' id='word_1_141' title='bbox 647 1787 744 1815; x_wconf 91' lang='lat' dir='ltr'>cum</span> <span class='ocrx_word' id='word_1_142' title='bbox 784 1774 918 1816; x_wconf 85' lang='lat' dir='ltr'>multa</span> <span class='ocrx_word' id='word_1_143' title='bbox 961 1774 1013 1816; x_wconf 91' lang='lat' dir='ltr'>de</span> <span class='ocrx_word' id='word_1_144' title='bbox 1049 1773 1223 1827; x_wconf 86' lang='lat' dir='ltr'>Theseo,</span> <span class='ocrx_word' id='word_1_145' title='bbox 1251 1774 1472 1827; x_wconf 87' lang='lat' dir='ltr'>Eumolpo,</span> <span class='ocrx_word' id='word_1_146' title='bbox 1503 1774 1613 1817; x_wconf 90' lang='lat' dir='ltr'>bello</span> <span class='ocrx_word' id='word_1_147' title='bbox 1640 1773 1804 1816; x_wconf 87' lang='lat' dir='ltr'>Medico</span> 
     </span>
     <span class='ocr_line' id='line_1_21' title="bbox 378 1844 1802 1899; baseline 0 -13"><span class='ocrx_word' id='word_1_148' title='bbox 378 1845 595 1898; x_wconf 89' lang='lat' dir='ltr'>iactarent,</span> <span class='ocrx_word' id='word_1_149' title='bbox 639 1844 776 1887; x_wconf 84' lang='lat' dir='ltr'>Sulla:</span> <span class='ocrx_word' id='word_1_150' title='bbox 821 1844 1068 1898; x_wconf 84' lang='lat' dir='ltr'>„Facessite,</span> <span class='ocrx_word' id='word_1_151' title='bbox 1111 1860 1135 1888; x_wconf 94' lang='lat'>0</span> <span class='ocrx_word' id='word_1_152' title='bbox 1162 1845 1299 1898; x_wconf 90' lang='lat' dir='ltr'>boni‚”</span> <span class='ocrx_word' id='word_1_153' title='bbox 1329 1846 1477 1899; x_wconf 86' lang='lat' dir='ltr'>inquit,</span> <span class='ocrx_word' id='word_1_154' title='bbox 1516 1859 1635 1899; x_wconf 89' lang='lat' dir='ltr'>„cum</span> <span class='ocrx_word' id='word_1_155' title='bbox 1662 1848 1802 1887; x_wconf 89' lang='lat' dir='ltr'>vestra</span> 
     </span>
     <span class='ocr_line' id='line_1_22' title="bbox 375 1914 1802 1969; baseline 0.001 -13"><span class='ocrx_word' id='word_1_156' title='bbox 375 1914 597 1968; x_wconf 67' lang='lat' dir='ltr'>„oratione</span> <span class='ocrx_word' id='word_1_157' title='bbox 642 1914 734 1967; x_wconf 83' lang='lat' dir='ltr'>Ego</span> <span class='ocrx_word' id='word_1_158' title='bbox 762 1915 875 1957; x_wconf 89' lang='lat' dir='ltr'>enim</span> <span class='ocrx_word' id='word_1_159' title='bbox 901 1930 984 1958; x_wconf 91' lang='lat' dir='ltr'>non</span> <span class='ocrx_word' id='word_1_160' title='bbox 1012 1915 1196 1958; x_wconf 91' lang='lat' dir='ltr'>discendi</span> <span class='ocrx_word' id='word_1_161' title='bbox 1225 1930 1349 1959; x_wconf 87' lang='lat' dir='ltr'>causa</span> <span class='ocrx_word' id='word_1_162' title='bbox 1379 1931 1405 1958; x_wconf 85' lang='lat' dir='ltr'>a</span> <span class='ocrx_word' id='word_1_163' title='bbox 1431 1916 1583 1969; x_wconf 92' lang='lat' dir='ltr'>populo</span> <span class='ocrx_word' id='word_1_164' title='bbox 1610 1915 1802 1958; x_wconf 89' lang='lat' dir='ltr'>Romano</span> 
     </span>
     <span class='ocr_line' id='line_1_23' title="bbox 373 1985 1485 2038; baseline 0.002 -10"><span class='ocrx_word' id='word_1_165' title='bbox 373 1985 588 2038; x_wconf 87' lang='lat' dir='ltr'>„Athenas</span> <span class='ocrx_word' id='word_1_166' title='bbox 614 1986 775 2038; x_wconf 91' lang='lat' dir='ltr'>missus,</span> <span class='ocrx_word' id='word_1_167' title='bbox 803 1986 875 2029; x_wconf 92' lang='lat' dir='ltr'>sed</span> <span class='ocrx_word' id='word_1_168' title='bbox 902 1986 956 2029; x_wconf 90' lang='lat' dir='ltr'>ad</span> <span class='ocrx_word' id='word_1_169' title='bbox 982 1987 1160 2030; x_wconf 90' lang='lat' dir='ltr'>rebelles</span> <span class='ocrx_word' id='word_1_170' title='bbox 1188 1986 1485 2030; x_wconf 57' lang='lat' dir='ltr'>subiciendus?</span> 
     </span>
    </p>
   </div>
   <div class='ocr_carea' id='block_1_3' title="bbox 916 2145 1300 2214">
    <p class='ocr_par' dir='ltr' id='par_1_5' title="bbox 916 2145 1300 2214">
     <span class='ocr_line' id='line_1_24' title="bbox 916 2145 1300 2214; baseline 0 -1"><span class='ocrx_word' id='word_1_171' title='bbox 916 2169 1116 2213; x_wconf 76' lang='lat' dir='ltr'>CAPUT</span> <span class='ocrx_word' id='word_1_172' title='bbox 1146 2170 1270 2214; x_wconf 86' lang='lat' dir='ltr'>XIV.</span> <span class='ocrx_word' id='word_1_173' title='bbox 1296 2145 1300 2149; x_wconf 73' lang='grc'><strong>’</strong></span> 
     </span>
    </p>
   </div>
   <div class='ocr_carea' id='block_1_4' title="bbox 366 2352 1804 2620">
    <p class='ocr_par' dir='ltr' id='par_1_6' title="bbox 366 2352 1804 2620">
     <span class='ocr_line' id='line_1_25' title="bbox 420 2352 1801 2407; baseline 0.001 -12"><span class='ocrx_word' id='word_1_174' title='bbox 420 2352 609 2396; x_wconf 84' lang='lat' dir='ltr'>Tandem</span> <span class='ocrx_word' id='word_1_175' title='bbox 638 2353 832 2396; x_wconf 87' lang='lat' dir='ltr'>Athenae</span> <span class='ocrx_word' id='word_1_176' title='bbox 860 2353 1063 2396; x_wconf 87' lang='lat' dir='ltr'>Kalendis</span> <span class='ocrx_word' id='word_1_177' title='bbox 1090 2353 1252 2396; x_wconf 88' lang='lat' dir='ltr'>Martiis</span> <span class='ocrx_word' id='word_1_178' title='bbox 1281 2353 1367 2407; x_wconf 88' lang='lat'>(86)</span> <span class='ocrx_word' id='word_1_179' title='bbox 1400 2357 1665 2407; x_wconf 86' lang='lat' dir='ltr'>expugnatae</span> <span class='ocrx_word' id='word_1_180' title='bbox 1693 2357 1801 2397; x_wconf 88' lang='lat' dir='ltr'>sunt.</span> 
     </span>
     <span class='ocr_line' id='line_1_26' title="bbox 368 2423 1804 2477; baseline 0.001 -11"><span class='ocrx_word' id='word_1_181' title='bbox 368 2424 475 2466; x_wconf 84' lang='lat' dir='ltr'>Cum</span> <span class='ocrx_word' id='word_1_182' title='bbox 517 2424 672 2468; x_wconf 83' lang='lat' dir='ltr'>milites</span> <span class='ocrx_word' id='word_1_183' title='bbox 713 2439 831 2467; x_wconf 91' lang='lat' dir='ltr'>senes</span> <span class='ocrx_word' id='word_1_184' title='bbox 862 2425 1065 2477; x_wconf 87' lang='lat' dir='ltr'>quosdam</span> <span class='ocrx_word' id='word_1_185' title='bbox 1091 2425 1135 2466; x_wconf 91' lang='lat' dir='ltr'>in</span> <span class='ocrx_word' id='word_1_186' title='bbox 1164 2424 1381 2467; x_wconf 81' lang='lat' dir='ltr'>Ceramico</span> <span class='ocrx_word' id='word_1_187' title='bbox 1410 2423 1727 2467; x_wconf 77' lang='lat' dir='ltr'>cenfabulantes</span> <span class='ocrx_word' id='word_1_188' title='bbox 1760 2428 1804 2467; x_wconf 89' lang='lat' dir='ltr'>et</span> 
     </span>
     <span class='ocr_line' id='line_1_27' title="bbox 366 2494 1802 2550; baseline 0.001 -14"><span class='ocrx_word' id='word_1_189' title='bbox 366 2499 594 2547; x_wconf 88' lang='lat' dir='ltr'>tyrannum</span> <span class='ocrx_word' id='word_1_190' title='bbox 622 2496 872 2538; x_wconf 88' lang='lat' dir='ltr'>insectantes</span> <span class='ocrx_word' id='word_1_191' title='bbox 899 2495 1138 2550; x_wconf 85' lang='lat' dir='ltr'>audiissent,</span> <span class='ocrx_word' id='word_1_192' title='bbox 1166 2495 1277 2547; x_wconf 89' lang='lat' dir='ltr'>quod</span> <span class='ocrx_word' id='word_1_193' title='bbox 1294 2509 1378 2547; x_wconf 89' lang='lat' dir='ltr'>qua</span> <span class='ocrx_word' id='word_1_194' title='bbox 1390 2499 1508 2548; x_wconf 89' lang='lat' dir='ltr'>parte</span> <span class='ocrx_word' id='word_1_195' title='bbox 1523 2495 1623 2538; x_wconf 90' lang='lat' dir='ltr'>urbs</span> <span class='ocrx_word' id='word_1_196' title='bbox 1641 2494 1802 2538; x_wconf 86' lang='lat' dir='ltr'>aditum</span> 
     </span>
     <span class='ocr_line' id='line_1_28' title="bbox 366 2564 1801 2620; baseline 0 -12"><span class='ocrx_word' id='word_1_197' title='bbox 366 2564 497 2619; x_wconf 88' lang='lat' dir='ltr'>daret,</span> <span class='ocrx_word' id='word_1_198' title='bbox 525 2580 608 2609; x_wconf 91' lang='lat' dir='ltr'>non</span> <span class='ocrx_word' id='word_1_199' title='bbox 636 2566 840 2619; x_wconf 89' lang='lat' dir='ltr'>praesidia</span> <span class='ocrx_word' id='word_1_200' title='bbox 867 2567 1116 2620; x_wconf 85' lang='lat' dir='ltr'>collocasset,</span> <span class='ocrx_word' id='word_1_201' title='bbox 1132 2565 1210 2609; x_wconf 89' lang='lat' dir='ltr'>hoc</span> <span class='ocrx_word' id='word_1_202' title='bbox 1225 2565 1367 2609; x_wconf 83' lang='lat' dir='ltr'>Sullae</span> <span class='ocrx_word' id='word_1_203' title='bbox 1385 2567 1733 2611; x_wconf 86' lang='lat' dir='ltr'>renuntiaverunt</span> <span class='ocrx_word' id='word_1_204' title='bbox 1746 2565 1801 2618; x_wconf 87' lang='lat'>3)-</span> 
     </span>
    </p>
   </div>
   <div class='ocr_carea' id='block_1_5' title="bbox 366 2686 528 2691">
    <p class='ocr_par' dir='ltr' id='par_1_7' title="bbox 366 2686 528 2691">
     <span class='ocr_line' id='line_1_29' title="bbox 366 2686 528 2691; baseline 0 0"><span class='ocrx_word' id='word_1_205' title='bbox 366 2686 528 2691; x_wconf 95' lang='lat' dir='ltr'> </span> 
     </span>
    </p>
   </div>
   <div class='ocr_carea' id='block_1_6' title="bbox 414 2742 1174 2919">
    <p class='ocr_par' dir='ltr' id='par_1_8' title="bbox 414 2742 1174 2919">
     <span class='ocr_line' id='line_1_30' title="bbox 416 2742 1174 2791; baseline 0.001 -13"><span class='ocrx_word' id='word_1_206' title='bbox 416 2744 450 2788; x_wconf 89' lang='lat'>1)</span> <span class='ocrx_word' id='word_1_207' title='bbox 476 2742 590 2778; x_wconf 89' lang='lat' dir='ltr'>Diod.</span> <span class='ocrx_word' id='word_1_208' title='bbox 617 2742 688 2778; x_wconf 88' lang='lat' dir='ltr'>VI.</span> <span class='ocrx_word' id='word_1_209' title='bbox 714 2755 750 2790; x_wconf 85' lang='lat' dir='ltr'>p.</span> <span class='ocrx_word' id='word_1_210' title='bbox 777 2744 848 2778; x_wconf 80' lang='lat'>244</span> <span class='ocrx_word' id='word_1_211' title='bbox 873 2755 977 2791; x_wconf 90' lang='lat' dir='ltr'>seqq.</span> <span class='ocrx_word' id='word_1_212' title='bbox 1003 2743 1174 2779; x_wconf 84' lang='lat' dir='ltr'>Tauchn.</span> 
     </span>
     <span class='ocr_line' id='line_1_31' title="bbox 414 2807 745 2853; baseline 0.006 -11"><span class='ocrx_word' id='word_1_213' title='bbox 414 2808 450 2853; x_wconf 85' lang='lat'>2)</span> <span class='ocrx_word' id='word_1_214' title='bbox 475 2807 581 2843; x_wconf 87' lang='lat' dir='ltr'>Flor.</span> <span class='ocrx_word' id='word_1_215' title='bbox 607 2807 685 2843; x_wconf 88' lang='lat' dir='ltr'>III.</span> <span class='ocrx_word' id='word_1_216' title='bbox 712 2810 745 2844; x_wconf 88' lang='lat'>5.</span> 
     </span>
     <span class='ocr_line' id='line_1_32' title="bbox 415 2871 964 2919; baseline 0.004 -14"><span class='ocrx_word' id='word_1_217' title='bbox 415 2871 449 2916; x_wconf 87' lang='lat'>3)</span> <span class='ocrx_word' id='word_1_218' title='bbox 475 2871 580 2908; x_wconf 78' lang='lat' dir='ltr'>Plut.</span> <span class='ocrx_word' id='word_1_219' title='bbox 606 2872 653 2907; x_wconf 89' lang='lat' dir='ltr'>de</span> <span class='ocrx_word' id='word_1_220' title='bbox 677 2872 822 2919; x_wconf 78' lang='lat' dir='ltr'>garrul.</span> <span class='ocrx_word' id='word_1_221' title='bbox 846 2884 881 2919; x_wconf 90' lang='lat' dir='ltr'>p.</span> <span class='ocrx_word' id='word_1_222' title='bbox 909 2871 964 2908; x_wconf 89' lang='grc'>11.</span> 
     </span>
    </p>
   </div>
  </div>
 </body>
</html>
