1988 3366
1097 324 1172 383 100

415 522 623 579 publicam
654 525 864 578 pertinent
905 525 1215 567 acerbissimam
1245 526 1434 567 exercuit
1462 525 1741 578 tyranuiden:
1771 520 1847 568 sibi

416 613 513 639 vero
541 598 733 639 resistere
761 611 882 638 ausos
909 611 932 638 e
960 596 1097 638 medio
1128 597 1307 638 sustulit.
1338 596 1444 638 Cum
1461 597 1683 638 Lucretius
1701 596 1851 650 Ofella,

415 669 487 719 qui
556 668 737 709 Marium
781 672 1112 720 expugnaverat,
1152 668 1414 709 consulatum
1459 672 1631 720 peteret,
1670 668 1852 720 primum

413 739 571 780 vetuit:
613 738 689 780 ubi
728 738 797 779 ille
839 738 1106 780 nihilominus
1148 738 1289 779 multis
1329 738 1565 780 faventibus
1618 738 1663 780 in
1715 738 1853 780 forum

416 809 640 860 descendit,
680 823 813 850 unum
842 823 896 849 ex
927 808 1238 850 centurionibus
1268 822 1370 859 quos
1397 822 1537 850 secum
1569 808 1763 861 habebat,
1790 808 1854 850 in·
1883 807 1885 809 ’

415 881 637 922 tei-fectum
678 880 801 929 misit,
847 878 948 920 dum
992 879 1091 930 ipse,
1140 879 1183 920 in
1211 879 1392 920 Castoris
1420 878 1524 937 aede
1551 893 1624 931 pro
1654 878 1853 922 tribunali

416 951 575 1004 sedens,
617 965 672 992 ex
711 951 823 992 edito
867 950 1035 992 caedem
1079 954 1249 1002 spectat.
1307 950 1412 992 Cum
1450 950 1620 1001 quidam
1647 951 1854 993 centurio-

417 1037 512 1064 nem
541 1026 755 1073 arreptum
800 1021 853 1062 ad
896 1021 1080 1062 tribunal
1125 1021 1213 1062 cius
1256 1021 1521 1073 statuissent3
1550 1021 1854 1064 tumultuantes

416 1093 538 1134 silere
583 1092 702 1133 iussit
743 1091 883 1133 dicens
925 1105 968 1132 se
1014 1105 1102 1133 rem
1138 1091 1356 1133 mandasse
1398 1092 1766 1143 centurionemque
1794 1091 1855 1134 di-

416 1165 527 1206 mitti
555 1163 780 1215 imperavit
811 1163 862 1215 1).
924 1163 1171 1213 Συναγαγὼν
1200 1163 1243 1205 τὸ
1272 1164 1413 1212 πλῆθος
1441 1164 1479 1210 ἐς
1503 1163 1708 1212 ἐκκλησίαν
1736 1160 1855 1206 εἷπενε

416 1242 525 1278 ’'Io-75
570 1235 641 1286 μὲν
685 1233 711 1276 ὦ
741 1232 874 1286 ἄνδρες
908 1233 973 1274 nx}
1003 1240 1095 1286 παρ’
1124 1231 1219 1284 ἐμοῦ
1248 1234 1290 1275 δὲ
1319 1234 1514 1276 ἀκούσαιτε
1542 1233 1599 1276 ὅτι
1627 1234 1854 1287 Λουκρήτιον

414 1308 490 1358 ἐγὼ
519 1306 730 1348 κατέκαινον
759 1304 993 1347 ἀπειθοῦντά
1021 1321 1096 1356 μοι.
1153 1305 1315 1347 Deinde
1345 1305 1506 1347 addidit
1520 1305 1628 1348 hanc
1644 1306 1854 1348 fabulam:

416 1378 636 1420 Rusticum
666 1391 690 1418 a
718 1376 918 1428 pediculis
946 1390 1131 1418 morsum
1160 1390 1256 1417 cum
1283 1376 1413 1418 semel
1439 1377 1675 1428 iterumque
1698 1377 1854 1420 interu-

417 1450 500 1490 lam
546 1451 775 1500 purgasset,
818 1446 986 1488 tandem
1030 1461 1082 1488 ne
1111 1447 1274 1498 saepius
1301 1447 1580 1490 intermittere
1608 1462 1711 1500 opus
1736 1462 1855 1500 coge·

417 1524 545 1572 retur,
590 1523 763 1560 exutam
793 1532 888 1559 oum
916 1517 1015 1569 ipsis
1043 1517 1245 1569 pediculis
1273 1518 1315 1559 in
1344 1518 1485 1570 ignem
1513 1518 1720 1561 iniecisse·
1775 1518 1856 1572 „Et

420 1589 556 1644 „ego'',
585 1590 732 1641 inquit,
766 1589 968 1642 „monitos
998 1589 1090 1630 volo
1118 1589 1261 1642 victos,
1289 1603 1343 1631 ne
1365 1590 1537 1631 tertium
1553 1589 1855 1632 insanientibus

421 1675 547 1714 „opus
576 1661 628 1702 sit
652 1658 865 1701 incendio'’

914 1806 1112 1849 CAPUT
1139 1806 1352 1850 XXXIV.

471 1991 596 2034 Anno
643 1991 830 2043 sequenti
873 1991 958 2044 (81)
1001 1991 1118 2033 Sulla
1170 1990 1458 2044 triumphavit,
1502 1995 1550 2033 ut
1592 1991 1710 2034 Fasti
1753 1991 1854 2045 Cap.

418 2061 616 2110 indicant,
647 2077 718 2114 per
748 2062 925 2104 biduum
954 2076 991 2103 a.
1020 2061 1058 2103 d.
1088 2061 1165 2103 IV.
1196 2065 1238 2103 et
1265 2061 1347 2103 ΙΙΙ.
1377 2061 1474 2104 Kal.
1505 2061 1606 2104 Feb.

471 2133 521 2175 L.
552 2133 674 2175 Corn.
705 2133 755 2174 L.
785 2132 811 2174 f.
843 2132 889 2175 P.
919 2147 958 2174 n.
988 2132 1105 2174 Sulla
1133 2132 1257 2174 Felix
1285 2132 1476 2174 Dictator
1512 2133 1566 2175 A.
1601 2132 1854 2176 DOLXXII

473 2203 543 2245 Ex
582 2204 771 2251 Graecia,
816 2203 867 2245 de
909 2217 1007 2255 rege
1043 2202 1289 2245 Mithridate
1315 2217 1389 2255 per
1417 2203 1590 2246 biduum
1619 2203 1685 2246 IV
1713 2208 1754 2246 et
1781 2203 1854 2246 III

840 2319 843 2323 ,
1569 2274 1666 2317 Kal.
1695 2274 1798 2317 Feb.

473 2345 716 2397 Triumpho,
758 2344 829 2395 qui
870 2344 1179 2397 magnificentia
1221 2349 1262 2386 et
1302 2345 1597 2387 manubiarum
1639 2346 1852 2398 regiarum

418 2417 590 2457 raritate
619 2415 787 2467 grandis
815 2415 982 2466 quidem
1013 2415 1107 2464 fuit,
1136 2415 1284 2456 maiori
1312 2420 1452 2457 tamen
1470 2420 1714 2458 ornamento
1732 2419 1852 2458 erant

420 2486 635 2527 clarissimi
676 2485 756 2527 viri
795 2489 837 2526 et
879 2485 1082 2537 principes
1109 2485 1299 2538 civitatis,
1327 2485 1399 2536 qui
1427 2486 1611 2528 coronati
1642 2486 1730 2528 eius
1757 2500 1851 2528 cur-

420 2571 513 2597 rum
543 2559 835 2607 prosequentes
863 2569 960 2597 eum
989 2560 1243 2597 servatorem
1273 2559 1315 2597 et
1345 2559 1505 2608 patrem
1536 2556 1693 2608 patriae
1709 2556 1852 2609 appel·

419 2625 577 2678 labant,
621 2641 715 2667 cum
744 2626 832 2667 eius
861 2625 1060 2667 beneficio
1090 2625 1262 2668 reduces
1293 2630 1430 2668 essent
1458 2631 1501 2668 et
1527 2627 1680 2668 liberos
1707 2627 1850 2671 coniu-

421 2710 575 2748 gesque
603 2697 846 2748 reciperent.

473 2891 507 2934 l)
534 2889 617 2925 Liv.
644 2888 715 2935 Ep.
739 2889 800 2927 89.
824 2889 925 2937 App.
948 2891 991 2927 B.
1020 2891 1060 2927 C.
1085 2892 1117 2927 I.
1146 2893 1211 2927 101
