1988 3366
1092 347 1143 388 96

394 528 651 582 inspectante
679 530 830 582 populo
860 522 1051 572 Romano
1071 529 1223 572 vitibus
1251 544 1325 582 per
1353 534 1484 572 totam
1507 529 1655 572 urbem
1668 530 1829 583 cecidit,

396 601 449 642 ad
501 600 641 642 Catuli
703 601 939 652 sepulcrum
995 601 1080 653 egit
1134 605 1175 642 et
1229 601 1289 642 ibi
1365 601 1556 643 cruribus
1629 601 1829 643 brachiis-

394 686 474 723 que
501 672 655 724 fractis,
695 672 866 714 auribus
905 673 1126 723 praesectis
1155 677 1196 714 et
1224 672 1382 714 effossis
1412 672 1545 714 oculis
1573 673 1751 725 necavit,
1779 677 1827 714 ut

395 757 468 794 per
496 743 659 794 singula
686 743 876 784 membra
903 747 1136 784 moreretur
1166 743 1219 795 1).
1262 742 1369 785 Cum
1396 748 1538 785 autem
1566 743 1620 785 ad
1647 743 1727 786 hoc
1754 744 1831 785 im-

393 827 515 854 mane
543 813 827 864 spectaculum
860 813 917 855 M.
948 813 1183 855 Plaetorius
1210 818 1378 856 senator
1405 814 1612 856 exanimis
1661 812 1827 856 cecidis-

393 889 466 935 set,
494 884 604 926 illico
633 890 840 926 mactatus
868 890 941 926 est.
997 884 1122 926 Marii
1151 889 1278 936 caput
1308 884 1450 926 Sullae
1479 885 1522 944 in
1551 884 1639 926 foro
1667 883 1827 928 sedenti

395 955 548 1003 attulit,
593 954 742 996 deinde
784 955 838 996 ad
882 955 1088 1007 Apollinis
1129 956 1344 997 lavacrum
1390 955 1572 1006 accessit,
1603 959 1651 997 ut
1679 968 1830 997 manus

395 1025 603 1067 ablueret:
632 1025 743 1067 idem
772 1026 989 1067 Gallorum
1005 1026 1148 1067 manui
1169 1026 1360 1078 praefuit,
1376 1039 1554 1077 quorum
1573 1039 1700 1078 opera
1713 1025 1830 1068 Sulla

394 1097 447 1138 ad
488 1097 647 1147 equites
678 1096 887 1138 Romanos
916 1096 1160 1138 occidendos
1190 1111 1286 1138 usus
1315 1102 1376 1138 est
1391 1097 1459 1149 2):
1494 1097 1551 1138 sic
1580 1100 1623 1138 et
1652 1095 1702 1145 Q.
1731 1095 1832 1138 Cae?

394 1167 550 1220 cilium,
594 1167 744 1209 sororis
769 1181 868 1208 suae
894 1167 1043 1219 virum,
1074 1167 1283 1209 nullarum
1313 1168 1507 1220 partium,
1536 1180 1633 1209 cum
1663 1180 1829 1219 semper

394 1243 557 1291 natura,
600 1243 689 1279 tum
730 1239 858 1280 etiam
888 1243 1026 1280 aetate
1055 1238 1140 1280 iam
1167 1239 1368 1289 quietum,
1397 1238 1481 1280 suis
1508 1237 1705 1280 manibus
1734 1251 1830 1279 con-

394 1310 513 1351 fodit.

446 1381 821 1423 Prosoribebantur
848 1385 990 1422 autem
1018 1394 1099 1422 non
1129 1383 1293 1422 tantum
1324 1380 1496 1431 Romae,
1515 1379 1586 1421 sed
1602 1383 1690 1422 tota
1703 1379 1830 1421 Italia

395 1453 522 1495 caede
550 1453 709 1505 repleta
747 1457 822 1494 est.
877 1453 1012 1500 Πολλὴ
1040 1452 1083 1493 δὲ
1113 1452 1179 1493 καὶ
1207 1455 1281 1493 τῶν
1310 1455 1540 1494 Ἰταλιωτῶν
1569 1450 1758 1504 ἀναίρεσίς
1783 1467 1828 1492 τε

394 1525 459 1566 καὶ
501 1523 680 1573 ἐξέλασις
722 1523 787 1564 nx)
829 1523 1012 1574 δήμευσις
1055 1519 1095 1571 ἦν
1125 1522 1178 1574 3).
1233 1522 1294 1563 Ut
1335 1522 1640 1573 improbissimo
1679 1522 1829 1573 cuique

392 1595 551 1636 occasio
582 1594 752 1650 daretur
779 1594 982 1635 avaritiae
1010 1598 1136 1644 atque
1165 1592 1260 1634 odio
1288 1591 1532 1644 indulgendi
1560 1592 1830 1644 privatasque

388 1666 562 1707 iniurias
589 1664 860 1717 persequendi
888 1665 954 1706 vel
983 1679 1037 1706 ex
1065 1664 1264 1706 Cicerone
1293 1678 1365 1715 pro
1403 1664 1597 1706 Cluentio
1613 1665 1667 1714 (c.
1686 1665 1708 1704 7
1725 1667 1768 1705 et
1783 1662 1827 1715 8)

391 1740 518 1788 patet.
574 1735 826 1787 Oppianicus
853 1735 1024 1786 quidam
1052 1750 1107 1777 ex
1135 1735 1357 1786 municipio
1385 1734 1540 1776 Larino
1568 1733 1824 1775 avunculum

394 1822 516 1849 suum
560 1806 617 1848 M.
658 1806 839 1848 Aurium
881 1806 1124 1848 hereditatis
1159 1820 1283 1848 causa
1312 1804 1544 1847 tollendum
1574 1804 1826 1847 interficien-

393 1878 574 1928 dumque
603 1883 834 1919 curaverat.
880 1876 960 1925 Qui
993 1891 1088 1918 cum
1115 1890 1168 1918 ne
1200 1876 1433 1918 deferretur
1460 1876 1640 1928 timeret,
1671 1875 1827 1918 Larino

392 1948 575 2001 profugit
602 1952 643 1990 et
671 1948 715 1989 in
744 1947 792 1996 Q.
822 1947 984 1989 Metelli
1012 1951 1148 1989 castra
1176 1961 1218 1989 se
1247 1947 1444 1995 contulit;
1475 1961 1576 1988 mox
1604 1960 1703 1988 vero
1731 1960 1827 1989 cum

391 2019 563 2061 armatis
612 2033 805 2060 reversus
854 2018 1156 2071 quatuor-viros,
1193 2031 1308 2068 quos
1359 2018 1588 2069 municipes
1627 2017 1826 2070 fecerant,

392 2091 558 2133 sustulit
601 2096 643 2133 et
683 2105 725 2132 se
766 2105 792 2131 a
834 2090 950 2132 Sulla
992 2094 1034 2131 et
1063 2095 1146 2131 tres
1175 2094 1390 2141 praeterea
1418 2089 1547 2131 factos
1575 2103 1662 2131 esse
1692 2089 1825 2131 dixit:

393 2163 445 2204 ab
473 2162 619 2204 eodem
646 2162 724 2203 sibi
751 2176 839 2203 esse
869 2162 1133 2213 imperatum,
1163 2165 1210 2202 ut
1240 2158 1291 2202 A'.
1311 2161 1489 2202 Aurium
1521 2161 1591 2212 qui
1610 2161 1687 2202 sibi
1713 2160 1826 2202 dela-

392 2234 548 2274 tionem
575 2233 758 2274 criminis
787 2237 828 2273 et
856 2233 1002 2283 capitis
1031 2232 1264 2283 periculum
1293 2235 1523 2273 ostentarat
1551 2235 1592 2273 et
1607 2231 1709 2273 alios
1724 2244 1827 2282 quos

392 2305 567 2346 timebat
594 2308 809 2354 tamquam
840 2303 1087 2354 proscriptos
1115 2302 1378 2344 interficeret.

450 2376 590 2417 Sullae
638 2374 762 2415 duces
810 2373 993 2425 singulas
1034 2374 1224 2415 civitates
1268 2373 1440 2415 obibant
1482 2372 1524 2424 4)
1569 2376 1611 2414 et
1654 2385 1826 2414 severae

395 2447 543 2498 passim
572 2445 832 2496 quaestiones
848 2443 1123 2495 habebantur,
1139 2444 1171 2484 si
1186 2443 1277 2494 quis
1292 2457 1386 2485 cum
1403 2442 1537 2484 Mario
1554 2442 1619 2484 vel
1636 2441 1825 2484 Carbone

392 2518 535 2558 fuisset
566 2517 630 2558 vel
656 2530 800 2557 eorum
829 2518 967 2567 partes
996 2514 1164 2556 consilio
1193 2513 1431 2556 adiuvisset.
1475 2512 1537 2554 Ut
1564 2513 1825 2564 singulorum

445 2712 478 2755 1)
504 2709 608 2745 Flor.
634 2709 659 2745 1.
685 2709 710 2746 l.

443 2776 478 2819 2)
505 2775 580 2809 Cic.
606 2774 652 2809 de
678 2776 753 2820 pet.
780 2785 879 2808 cons.
906 2772 937 2807 3.

443 2841 477 2881 3)
503 2840 601 2885 App.
628 2838 671 2873 B.
698 2838 738 2874 C.
763 2838 795 2872 I.
821 2839 878 2873 95.

443 2908 477 2950 4)
504 2904 602 2939 Ibid.
