1988 3366
1175 274 1227 316 48

483 471 579 498 cum
623 457 707 499 suis
748 457 875 499 etiam
908 457 991 499 cibi
1014 457 1189 509 penuria
1215 457 1436 499 laborasse:
1465 471 1602 499 nonne
1628 457 1809 509 prudens
1835 456 1914 500 hoc

483 528 619 581 Sulla,
660 527 704 569 id
743 532 1024 570 commentum
1064 528 1260 581 referens,
1288 524 1501 580 omiserit,
1529 532 1577 570 ut
1603 542 1668 570 res
1698 542 1747 570 eo
1775 530 1910 580 magis

483 603 550 642 τοῦ
596 599 791 651 δαιμονίου
834 613 922 641 esse
965 599 1209 641 videretur?
1265 598 1329 640 De
1371 613 1420 642 eo
1461 599 1791 650 satellitibusque
1825 599 1916 641 eius

431 667 447 698 ’·
481 684 689 712 summum
730 670 977 722 supplicium
1007 670 1200 721 sumpsit:
1235 683 1330 711 cum
1365 670 1409 710 in
1454 670 1656 721 templum
1699 669 1915 712 Minervae

482 741 747 793 confugisset,
774 741 872 783 inde
901 741 1134 783 abstractus
1161 745 1222 782 est
1250 742 1305 791 2).
1668 743 1670 745 ’

533 811 630 853 Non
670 811 803 853 multo
844 815 938 863 post
977 804 1210 853 Archelaus
1257 810 1392 853 veluti
1432 810 1586 852 furioso
1629 810 1915 852 Romanorum

481 882 640 935 impetu
695 882 911 934 perculsus
948 882 1147 924 Piraeum
1188 882 1355 933 reliquit
1398 885 1524 933 atque
1569 882 1613 923 in
1654 880 1916 923 Munichium

481 968 524 995 se
564 953 732 1006 recepit,
776 953 926 995 deinde
965 967 991 995 a
1033 953 1290 1002 Mithridate,
1336 957 1383 994 ut
1427 952 1600 1005 videtur,
1644 953 1792 1002 iussus,
1820 966 1915 994 cum

482 1025 632 1067 Taxile
671 1025 715 1066 in
764 1022 939 1066 Boeotia
966 1039 1086 1066 arma
1113 1024 1339 1066 coniunxit.
1397 1023 1515 1066 Sulla
1549 1024 1747 1076 pleraque
1774 1023 1915 1067 Piraei

481 1100 727 1139 ornamenta
755 1096 920 1150 delevit,
950 1097 1059 1138 inter
1085 1110 1193 1148 quae
1221 1096 1408 1138 Philonis
1436 1096 1749 1149 armentarium,
1771 1095 1914 1138 lauda-

480 1172 570 1210 tum
611 1167 715 1210 illud
759 1168 1069 1220 receptaculum
1106 1168 1221 1209 mille
1248 1168 1419 1209 navium
1445 1167 1500 1220 2):
1537 1167 1735 1210 Piraeum
1767 1171 1914 1208 autem

479 1239 677 1282 evertisse
718 1238 896 1291 videtur,
939 1239 1036 1289 quia
1077 1253 1162 1280 non
1190 1239 1316 1280 tantis
1343 1238 1540 1280 utebatur
1567 1238 1707 1291 copiis,
1735 1242 1784 1279 ut
1812 1250 1914 1288 quos
1938 1285 1941 1288 Α

479 1311 592 1352 locos
621 1310 799 1362 cepisset
826 1309 1041 1362 praesidiis
1068 1309 1314 1352 confirmare
1339 1314 1487 1361 posset.

1032 1492 1228 1535 CAPUT
1267 1491 1366 1533 XV.

533 1675 710 1718 Interim
751 1676 933 1724 Taxiles‚
979 1674 1233 1717 Mithridatis
1275 1675 1373 1724 dux,
1413 1689 1508 1716 cum
1551 1678 1718 1716 centum
1745 1672 1913 1715 milibus

480 1746 681 1798 peditum,
705 1746 866 1788 <decem
909 1746 1096 1797 equitum
1126 1750 1168 1787 et
1195 1746 1421 1797 nonaginta
1449 1745 1640 1788 curribus
1668 1744 1832 1786 falcatis
1859 1757 1913 1786 ex

483 1816 663 1859 Thracia
704 1821 746 1858 et
773 1816 1019 1858 Macedonia
1047 1816 1430 1868 appropinquabat:
1460 1816 1503 1857 in
1532 1829 1635 1866 quas
1665 1814 1803 1866 copias
1831 1814 1913 1855 Ar-

483 1886 662 1940 chelaus,
704 1901 758 1928 ex
786 1875 974 1929 'statione
1015 1887 1068 1928 ad
1110 1886 1387 1939 Munychium
1428 1887 1659 1934 arcessitus,
1703 1899 1913 1928 summum

483 1957 698 2000 obtinebat
737 1958 970 2010 imperium.
1027 1957 1135 1999 Cum
1175 1958 1210 1999 is
1249 1957 1292 1999 in
1335 1957 1474 1999 animo
1510 1956 1685 1998 haberet
1713 1955 1913 1998 Romanis

484 2029 645 2080 copiam
673 2028 886 2080 pugnandi
911 2025 1003 2070 non¹
1024 2028 1136 2080 dare,
1165 2027 1237 2069 sed
1266 2027 1453 2070 hostibus
1480 2031 1760 2069 commeatum
1789 2026 1914 2067 inter-

482 2100 620 2151 cipere
661 2104 702 2141 et
742 2099 973 2141 cunctando
1014 2087 1232 2141 restituere
1273 2112 1374 2151 rem,
1407 2112 1505 2140 mox
1536 2102 1677 2139 tamen
1705 2096 1912 2149 proposito

483 2169 642 2211 destitit
681 2182 911 2220 manusque
954 2168 1173 2210 censeruit.
1229 2168 1368 2218 Quare
1405 2169 1497 2210 iure
1531 2168 1733 2210 conicitur
1761 2180 1859 2208 eum
1887 2180 1913 2207 a

482 2239 727 2281 Mithridate
754 2229 913 2281 iussum
932 2254 1019 2281 esse
1032 2239 1230 2291 pugnare.
1260 2239 1329 2281 Ab
1345 2239 1423 2280 hac
1441 2239 1679 2280 narratione
1695 2237 1912 2290 Appianus

482 2309 530 2351 B.
575 2310 633 2351 M.
677 2324 711 2352 c.
738 2311 785 2351 41
832 2300 1037 2361 discrepat
1077 2310 1147 2360 qui
1188 2309 1304 2351 nulla
1349 2308 1510 2351 Taxilis
1553 2309 1763 2350 mentione
1804 2307 1914 2348 facta

485 2384 628 2422 narrat
667 2380 923 2422 Archelaum
965 2380 1046 2432 per‘
1067 2380 1258 2422 Boetiam
1285 2381 1328 2421 in
1370 2379 1629 2421 Thessaliam
1656 2379 1737 2420 iter
1764 2377 1912 2419 fecisse

483 2455 610 2502 atque
655 2451 764 2493 circa
807 2450 1109 2503 Thermopylas
1151 2450 1348 2502 reliquias
1377 2450 1600 2502 copiarum,
1630 2463 1732 2500 quas
1759 2448 1910 2500 partim

532 2663 566 2706 1)
592 2661 706 2697 Paus.
744 2661 784 2696 in
821 2661 901 2696 Att.
928 2673 977 2696 c.-
997 2660 1053 2704 23,
1079 2661 1312 2697 Plutarchus
1352 2662 1398 2708 (c.
1423 2661 1483 2708 23)
1509 2660 1627 2696 refert
1652 2672 1740 2696 eum
1764 2672 1909 2697 veneno

482 2712 661 2744 necatum
686 2721 778 2744 esse.

529 2774 564 2819 2)
592 2773 667 2809 Cic.
694 2773 740 2809 de
767 2785 818 2808 01·
844 2773 875 2808 Ι.
902 2774 959 2810 14..
987 2734 1074 2808 Val.
1100 2773 1204 2810 Max
1233 2774 1346 2809 VIII.
1375 2775 1430 2809 12.
1456 2773 1556 2809 Plin.
1582 2773 1634 2808 H.
1664 2772 1715 2808 N.
1733 2773 1826 2808 VII.
1852 2773 1909 2809 37.

483 2820 581 2867 App.
608 2821 652 2857 B.
677 2821 732 2856 M.
758 2822 813 2855 40.
