1988 3366
850 324 896 366 ‘11

208 507 317 552 Cum
345 508 498 552 milites
525 509 776 552 traiecturus
803 512 1032 564 vereretur,
1059 522 1113 552 ne
1142 508 1214 552 ubi
1242 509 1426 563 patrium
1454 508 1589 553 solum

154 578 454 634 suspexissent,
485 594 558 633 per
585 578 736 634 oppida
762 579 1060 635 dilaberentur,
1087 580 1132 623 hi
1162 580 1273 624 ultro
1290 580 1591 624 adiuraverunt

155 664 246 696 sese
280 650 335 695 ad
361 651 482 705 signa
508 664 726 694 mansuros
753 656 881 704 atque
909 651 964 694 ab
991 651 1145 695 iniuria
1172 656 1216 695 et
1242 651 1460 695 maleficiis
1486 656 1589 695 tem-

157 725 384 777 peraturos.
438 721 530 765 Etsi
568 721 754 765 moribus
781 721 985 765 Romanis
1011 736 1093 765 non
1122 722 1307 765 alienum
1333 726 1412 774 est,
1437 722 1591 766 milites

154 807 247 837 sese
291 793 402 836 ultro
446 792 715 836 iureiurando
741 792 1014 847 adstringere,
1043 793 1117 836 vix
1144 797 1287 836 tamen
1313 792 1427 836 credi
1453 796 1591 847 potest

156 862 346 908 homines
387 862 580 907 omnibus
616 863 728 906 vitiis
769 863 965 907 Asiaticis
992 862 1176 906 imbutos
1202 877 1253 906 ea
1281 862 1501 916 modestia,
1526 877 1590 907 se·

157 934 335 979 veritate
362 938 407 977 et
432 933 651 987 disciplina
677 947 772 977 usos
798 947 897 976 esse.
927 933 1120 976 Forsitan
1150 933 1376 986 imperator
1403 933 1491 986 ipse
1519 947 1589 976 eos

156 1009 417 1049 sacramento
457 1004 610 1058 adegit,
651 1004 724 1047 sed
759 1018 855 1047 cum
882 1003 1106 1047 felicissimi
1134 1003 1320 1047 omnium
1349 1003 1589 1047 mortalium

156 1077 338 1131 speciem
379 1090 479 1130 prae
519 1090 563 1119 se
603 1075 743 1128 ferret,
784 1075 977 1118 fortunae
1005 1075 1154 1118 tribuit
1179 1073 1290 1127 quod
1320 1074 1448 1127 ipsius
1475 1074 1589 1117 iussu

157 1147 315 1192 sactum
343 1146 520 1190 videtur.
575 1146 752 1199 Insuper
780 1160 876 1189 eum
905 1145 1081 1199 pecunia
1108 1144 1296 1198 indigere
1316 1145 1396 1187 rati
1412 1158 1486 1197 pro
1503 1145 1590 1187 suis

157 1218 332 1273 quisque
359 1218 629 1262 facultatibus
655 1217 911 1271 obtulerunt,
938 1231 1066 1270 quam
1097 1216 1424 1260 munificentiam
1448 1221 1588 1260 tamen

159 1302 243 1334 nou
269 1287 453 1333 admisit.

214 1360 394 1405 Ineunte
435 1373 533 1403 vere
572 1360 701 1414 igitur
741 1359 880 1412 copias
921 1357 975 1401 ad
1014 1358 1188 1412 triginta
1218 1358 1285 1401 vel
1313 1357 1590 1411 quadraginta

159 1431 322 1476 milium
356 1444 532 1474 numero
561 1430 601 1483 1)
631 1429 858 1473 Brundusii
885 1429 1091 1483 exposuit,
1119 1428 1276 1471 bellum
1303 1432 1513 1481 gesturus,
1541 1432 1587 1470 ut

158 1502 248 1557 ipse
273 1502 344 1556 ait,
370 1506 516 1545 contra
541 1500 778 1554 quindecim
806 1499 1136 1543 adversariorum
1162 1499 1298 1553 duces,
1312 1499 1384 1552 qui
1402 1498 1591 1542 cohortes

160 1573 464 1628 quinquaginta
503 1578 547 1615 et
584 1571 910 1625 quadringentas
936 1570 1160 1614 habebant.
1187 1570 1231 1624 2)
1286 1569 1406 1620 Quod
1433 1569 1588 1613 factum

154 1651 219 1690 est
244 1644 294 1689 L.
323 1643 448 1687 Corn.
477 1643 670 1697 Scipione
697 1642 743 1685 C.
773 1642 902 1685 Junio
931 1641 1130 1684 Norbano
1159 1655 1259 1684 coss.
1277 1641 1379 1694 (83).

207 1715 330 1767 Quod
370 1714 425 1758 ad
472 1713 652 1757 bostium
696 1726 917 1756 numerum
945 1712 1108 1764 attinet,
1137 1725 1225 1755 rem
1255 1725 1338 1754 non
1367 1711 1408 1754 in
1439 1711 1589 1754 falsum

153 1787 321 1831 auxisse
353 1785 473 1829 Sulla
513 1784 691 1837 videtur,
734 1797 829 1827 cum
868 1782 978 1826 Vell.
1007 1782 1067 1825 ΙΙ.
1096 1784 1148 1824 24
1176 1785 1220 1825 et
1246 1781 1397 1825 Florus
1426 1781 1508 1825 111.
1538 1783 1586 1824 21

154 1871 378 1902 numerum
419 1870 501 1900 non
543 1856 667 1909 longe
712 1855 916 1898 minorem
958 1853 1155 1897 habeant.
1208 1852 1303 1895 Non
1344 1857 1499 1903 autem,
1543 1858 1590 1895 ut

154 1929 313 1983 opinor,
340 1941 417 1971 eae
445 1927 589 1981 copiae
616 1926 735 1970 Sulla
763 1926 806 1969 in
823 1925 992 1968 Italiam
1009 1924 1248 1978 appellente
1268 1923 1351 1965 iam
1368 1922 1447 1967 sub
1464 1923 1591 1966 armis

154 2003 286 2053 erant,
327 1997 440 2053 quod
482 1998 609 2042 etiam
650 2011 705 2040 ex
747 1996 938 2050 Appiano
966 1995 993 2038 1.
1021 1995 1048 2037 l.
1079 1993 1227 2037 deduci
1256 1994 1354 2037 licet
1379 1993 1586 2037 scribente

155 2071 275 2116 binos
327 2069 517 2114 consules
562 2067 879 2120 Carbonemque
928 2066 1109 2120 primum
1155 2064 1354 2107 ducentas
1395 2064 1585 2107 cohortes

154 2140 450 2196 quingenariae
476 2139 684 2186 habuisse,
713 2138 865 2191 quibus
893 2141 1036 2191 postea
1064 2136 1204 2189 plures
1232 2135 1490 2178 accesserint.

213 2211 328 2257 [nter
356 2209 595 2264 quindecim
624 2209 718 2252 illos
744 2208 870 2252 duces
898 2206 1156 2251 memorandi
1185 2211 1283 2249 sunt
1311 2210 1474 2259 praeter
1490 2219 1587 2249 con·

154 2283 277 2335 eules,
317 2282 445 2326 Caius
488 2280 648 2324 Marius
687 2279 808 2331 filius,
851 2278 927 2322 Cn.
969 2277 1163 2331 Papirius
1189 2276 1337 2329 Carb0,
1367 2276 1585 2329 Sertorius,

156 2354 206 2398 L.
235 2353 412 2397 Pontius
438 2351 669 2395 Telesinus.

210 2423 294 2475 Qui
333 2426 476 2466 autem
515 2421 672 2465 factum
712 2425 787 2474 est,
824 2425 870 2462 ut
898 2419 1014 2463 Sulla
1043 2433 1129 2461 rem
1159 2431 1307 2471 gerens
1334 2431 1429 2459 eum
1459 2417 1587 2460 tantis

157 2496 297 2550 copiis,
338 2508 421 2538 non
462 2493 652 2538 barbaris
694 2492 744 2535 iis
785 2490 995 2546 gregibus,
1024 2488 1095 2531 sed
1127 2488 1328 2531 Romanis
1356 2486 1587 2540 legionibus

157 2567 291 2611 victor
331 2564 488 2619 proelio
528 2562 794 2608 discesserit?
837 2561 1029 2604 Profecto
1074 2557 1332 2612 imperatoris
1361 2557 1492 2600 virtus
1518 2556 1585 2600 hic

209 2774 244 2819 1)
269 2771 375 2809 Plut.
400 2770 455 2808 nil
479 2770 528 2808 de
552 2769 622 2807 hac
648 2781 688 2806 re
714 2768 838 2805 habet.

206 2839 243 2879 2)
269 2834 495 2874 Efficiebant
539 2834 610 2871 bac
658 2833 834 2870 cobortes
881 2842 1080 2867 numerum
1123 2827 1287 2876 ampliu·
1332 2826 1583 2864 ducentorum

160 2885 310 2924 milium
334 2887 580 2921 armatorum.
